@inproceedings{Ande08,
   Author = {H.K. Ande and P. Busa and M. Balasubramanianand K. A. Campbell and R. Jacob Baker},
   Title = {A New Approach to the Design, Fabrication, and Testing of Chalcogenide-Based Multi-State Phase-Change Nonvolatile Memory},
   BookTitle = {51st Midwest Symposium on Circuits and Systems},
   Pages = {570-573},
   Year = {2008} }

@inproceedings{burr:scm08,
   Author = {G. W. Burr and B. N. Kurdi and J. C. Scott and C. H. Lam and K. Gopalakrishnan and R. S. Shenoty},
   Title = {Overview of candidate device technologies for storage-class memory},
   BookTitle = {IBM Journal Research and Device},
   Volume = {52},
   Number = {4/5},
   Pages = {449 - 464},
   Year = {2008} }

@inproceedings{Motoyoshi04,
   Author = {M. Motoyoshi and I. Yamamura and W. Ohtsuka and M. Shouji and H. Yamagishi and M. Nakamura and H. Yamada and K. Tai and T. Kikutani and T. Sagara and K. Moriyama and H. Mori and C. Fukamoto and M. Watanabe and R. Hachino and
   H. Kano and K. Bessho and H. Narisawa and M. Hosomi and N. Okazaki},
   Title = {A study for 0.18um high-density MRAM},
   BookTitle = {IEEE VLSI Symposium on Technology},
   Pages = {22 - 23},
   Year = {2004} }

@inproceedings{Happ06,
   Author = {T.D.Happ and M. Breitwisch and A. Schrott and J.B. Philipp and M.H. Lee and R. Cheek and T. Nirschl and M. Lamorey and C.H. Ho and S.H. Chen and
   C.F. Chen and E. Joseph and S. Zaidi and G.W. Burr and B. Yee and Y.C. Chen and S. Raoux and H.L. Lung and R. Bergmann and C. Lam},
   Title = {Novel One-Mask Self-Heating Pillar Phase Change Memory},
   BookTitle = {VLSI Symposium on Technology},
   Pages = {120-121},
   Year = {2006} }

@inproceedings{Ha04,
   Author = {Y.K. Ha and J.E. Lee and H.-J. Kim and J.S. Bae and S.C. Oh and K.T. Nam and S.O. Park and N.I. Lee and H.K. Kang and U.-I. Chung and J.T. Moon},
   Title = {MRAM with novel shaped cell using synthetic anti-ferromagnetic free layer},
   BookTitle = {VLSI Symposium on Technology},
   Pages = {24 - 25},
   Year = {2004} }

@inproceedings{Hosomi05,
   Author = {M. Hosomi and H. Yamagishi and T. Yamamoto and K. Bessho and Y. Higo and K. Yamane and H. Yamada and M. Shoji and H. Hachino and C. Fukumoto and H. Nagao and H. Kano},
   Title = {A novel nonvolatile memory with spin torque transfer magnetization switching: spin-ram},
   BookTitle = {Proc. International Electron Device Meeting Tech. Dig.},
   Pages = {459 - 462},
   Year = {2005} }

@inproceedings{Nirschl07,
   Author = {T. Nirschl andJ. B. Philipp and T D. Happ and G. W Burrt and B. Rajendrant and M.-H. Lee and A. Schrottt and M. YangT
and M. Breitwischt and C.-F. Chen and E. JosephT M Lamorey and R. Chee and S.-H. Chen and S. Zaidi and  S. Raoux
and Y.C. Chen and Y. Zhu and R.Bergmann and H.-L. Lunge and C. Lamf},
   Title = {Write Strategies for 2 and 4-bit Multi-Level Phase-Change Memory},
   BookTitle = {Proc. International Electron Device Meeting Technology},
   Pages = {461-464},
   Year = {2007} }

@inproceedings{Kawahara07,
   Author = {T. Kawahara et al.},
   Title = {2Mb Spin-Transfer Torque RAM (SPRAM) with Bit-by-Bit Bidirectional Current Write and Parallelizing-Direction Current Read},
   BookTitle = {Proc. IEEE International Solid-State Circuits Conference, Tech. Dig},
   Pages = {480 - 617},
   Year = {2007} }


@article{Bedeschi09,
   Author = {Ferdinando Bedeschi and Rich Fackenthal and Claudio Resta and Enzo Michele Donz¨¨and Meenatchi Jagasivamani and
Egidio Cassiodoro Buda and Fabio Pellizzer and David W. Chow and Alessandro Cabrini and Giacomo Matteo Angelo Calvi and
Roberto Faravelli and Andrea Fantini and Guido Torelli and Duane Mills and
Roberto Gastaldi and Giulio Casagrande},
   Title = {{A Bipolar-Selected Phase Change Memory Featuring Multi-Level Cell Storage}},
   Journal = {IEEE Journal of Solid-State Circuits},
   Volume = {44},
   Number = {1},
   Pages = {217--227},
   Year = {2009} }

@inproceedings{Tanizaki06,
   Author = {H. Tanizaki},
   Title = {A high-density and high-speed 1T-4MTJ MRAM with voltage Offset Self-Reference Sensing Scheme},
   BookTitle = {Proc. IEEE Asian Solid-State Circuits Conference},
   Pages = {303 - 306},
   Year = {2006} }

@inproceedings{Lai03,
   Author = {S. Lai},
   Title = {Current Status of the Phase Change Memory and its Future},
   BookTitle = {Proceedings of the IEEE International Electron Devices Meeting},
   Pages = {10.1.1-10.1.4},
   Year = {2003} }

@inproceedings{Pirovano03,
   Author = {A. Pirovano and A. L. Lacaita and A. Benvenuti and F. Pellizzer and S. Hudgens and and R. Bez},
   Title = {Scaling Analysis of Phase-Change Memory Technology},
   BookTitle = {Proceedings of the IEEE International Electron Devices Meeting},
   Pages = {29.6.1-29.6.4},
   Year = {2003} }

@inproceedings{Chen06,
   Author = {Y. C. Chen and C. T. Rettner and S. Raoux and G. W. Burr and S. H. Chen and R. M. Shelby and M. Salinga and et al.},
   Title = {Ultra-thin Phase-change Bridge Memory Device Using GeSb},
   BookTitle = {Proceedings of the IEEE International Electron Devices Meeting},
   Pages = {30.3.1-30.3.4},
   Year = {2006} }

@inproceedings{Oh06,
   Author = {J. H. Oh and J. H. Park and Y. S. Lim and H. S. Lim and Y. T. Oh and J. S. Kim and J. M. Shin and et al.},
   Title = {Full Integration of Highly Manufacturable 512Mb PRAM Based on 90nm Technology},
   BookTitle = {Proceedings of the IEEE International Electron Devices Meeting},
   Pages = {2.6.1-2.6.4},
   Year = {2006} }

@inproceedings{Chua71,
   Author = {L. O. Chua},
   Title = {Memristor - The Missing Circuit Element},
   BookTitle = {IEEE Trans. Circuit Theory},
   Volume = {CT-18},
   Number = {5},
   Pages = {507-519},
   Year = {1971} }

@inproceedings{Chua76,
   Author = {L. O. Chua},
   Title = {Memristive Devices and Systems},
   BookTitle = {Proc. IEEE},
   Volume = {64},
   Pages = {209-223},
   Year = {1976} }

@inproceedings{Tour08,
   Author = {J. M. Tour and T. He},
   Title = {The Fourth Element},
   BookTitle = {Nature},
   Volume = {453},
   Number = {7191},
   Pages = {42-43},
   Year = {2008} }

@inproceedings{Strukov08,
   Author = {Dmitri B. Strukov and Gregory S. Snider and Duncan R. Stewart and R. StanleyWilliams},
   Title = {The missing memristor found},
   BookTitle = {Nature},
   Volume = {453},
   Pages = {80-83},
   Year = {2008} }

@inproceedings{Pershin08,
   Author = {Yu. V. Pershin and M. Di Ventra},
   Title = {Spin Memristive Systems: Spin Memory Effects in Semiconductor Spintronics},
   BookTitle = {Phys. Rev. B, Condens. Matter},
   Volume = {78},
   Number = {11},
   Pages = {113309},
   Year = {2008} }

@inproceedings{Wang09,
   Author = {X. Wang et al},
   Title = {Spin Memristor through Spin-Torque-Induced Magnetization Motion},
   BookTitle = {IEEE Electron Device Lett.},
   Volume = {30},
   Number = {3},
   Pages = {294-297},
   Year = {2009} }

@inproceedings{Chen08,
   Author = {Y. Chen and X. Wang and H. Li and H. Liu and D. Dimitrov},
   Title = {Design Margin Exploration of Spin-Torque Transfer RAM (SPRAM)},
   BookTitle = {International Symposium on Quality Electronic Design},
   Pages = {684-690},
   Year = {2008} }

@MISC{Spectrum09,
  title = {Spintronic Memristors, http://www.spectrum.ieee.org/semiconductors/devices/spintronic-memristors/0},
  owner = {IEEE spectrum},
  timestamp = {2009.03},
  url = {http://www.spectrum.ieee.org/semiconductors/devices/spintronic-memristors/0}
}

@inproceedings{Chen09,
   Author = {Y. Chen and X. Wang},
   Title = {Compact Modeling and Corner Analysis of Spintronic Memristor},
   BookTitle = {IEEE/ACM International Symposium on Nanoscale Architectures 2009 (Nanoarchï¿½09)},
   Pages = {7-12},
   Year = {2009} }

@inproceedings{IBM06,
   Title = {Spintronics},
   BookTitle = {IBM Journal Research and Device},
   Volume = {50},
   Number = {1},
   Year = {2006} }

@inproceedings{Li09,
   Author = {H. Li and Y. Chen},
   Title = {An Overview of Nonvolatile Memory Technology and The Implication for Tools and Architectures},
   BookTitle = {Design, Automation and Test in Europe Conference and Exhibition},
   Pages = {731-736},
   Year = {2009} }

@inproceedings{Tehrani00,
   Author = {S. Tehrani et al},
   Title = {Recent developments in magnetic tunnel junction MRAM},
   BookTitle = {IEEE Trans. Magn.},
   Volume = {36},
   Pages = {2752-2757},
   Year = {2000} }

@inproceedings{Xu08,
   Author = {W. Xu and T. Zhang and Y. Chen},
   Title = {Spin-Transfer Torque Magnetoresistive Content Addressable Memory (CAM) Cell Structure Design with Enhanced Search Noise Margin},
   BookTitle = {IEEE Int. Symp. on Circuits and Systems (ISCAS)},
   Pages = {1898-1901},
   Year = {2008} }

@inproceedings{Jeong03,
   Author = {Gitae Jeong and Wooyoung Cho and S. Ahn and Hongsik Jeong and Gwanhyeob Koh and Youngnam Hwang K. Kim},
   Title = {A 0.24-um 2.0-V 1T1MTJ 16-kb Nonvolatile Magnetoresistance RAM With Self-Reference Sensing Scheme},
   BookTitle = {IEEE Jour. of Solid-State Circuits},
   Volume = {38},
   Number = {11},
   Pages = {1906-1910},
   Year = {2003} }

@MISC{Li:147723,
  title = {Spin-Transfer Torque Memory Self-Reference Read Scheme},
  owner = {H. Li and Y. Chen and H. Liu and K. Kim and H. Huang},
  publisher = {US Patent Pending},
  number = {12/147,723}}

@MISC{Chen:147727,
  title = {Spin-Transfer Torque Memory Non-Destructive Self-Reference Read},
  owner = {Y. Chen and H. Li and H. Liu and R. Wang and D. Dimitrov},
  publisher = {US Patent Pending},
  number = {12/147,727}}

@MISC{Sun:147791,
  title = {Magic PMC Switch Fabrication Method and its Application as Selective Element for High Density Cross Bar Memory Arrays},
  owner = {M. Sun, I. Jin, V. Vaithyanathan, C. Jung, Y.-P. Kim, N. Amin, W. Tian, and H. Li},
  publisher = {US Patent Pending},
  number = {12/496,767}}

@inproceedings{Wang08,
   Author = {X. Wang and Y. Chen and H. Li and H. Liu and D. Dimitrov},
   Title = {Spin Torque Random Access Memory down to 22nm Technology},
   BookTitle = {IEEE International Magnetics Conference},
   Pages = {GD-03},
   Year = {2008} }

@MISC{Sun:20050104101,
  title = {Spin-current Switched Magnetic Memory Element Suitable for Circuit Integration and Method of Fabricating the Memory Element},
  owner = {J. Z. Sun and R. Allensopach and S. Parkin and J. C. Slonczewski and B. D. Terris},
  publisher = {US published patent application},
  number = {20050104101}}

@inproceedings{Beech00,
   Author = {R. Beech and J. Anderson and A. Pohm and J. Daughton},
   Title = {Curie point written magnetoresistive memory},
   BookTitle = {J. Appl. Phys.},
   Volume = {87},
   Pages = {6403},
   Year = {2000} }

@MISC{Li:426098,
  title = {Write Current Compensation Using Word Line Boosting Circuitry},
  owner = {H. Li and Y. Chen and H. Liu and H. Huang and R. Wang},
  publisher = {US Patent Pending},
  number = {12/426,098}}

@inproceedings{Inoue,
   Author = {I. H. Inoue and S. Yasuda and H. Akinaga and H. Takagi},
   Title = {Nonpolar Resistance Switching of Metal/Binary-transition-metal Oxides/Metal Sandwiches: Homogeneous/Inhomogeneous Transition of Current Distribution},
   BookTitle = {Physical Review B},
   Volume = {77},
   Number = {3},
   Pages = {035105},
   Year = {} }

@inproceedings{Kozicki05,
   Author = {M.N. Kozicki and M. Balakrishnan and C. Gopalan and C. Ratnakumar and Mitkova},
   Title = {Programmable metallization cell memory based on Ag-Ge-S and Cu-Ge-S solid electrolytes},
   BookTitle = {Non-Volatile Memory Technology Symp.},
   Pages = {83-89},
   Year = {2005} }

@MISC{Yan4430255,
  title = {Non-ohmic device using TiO2},
  owner = {Man F. Yan},
  publisher = {US Patent},
  number = {4430255}}

@inproceedings{Walker08,
   Author = {A.J. Walker},
   Title = {Sub-50nm DG-TFT-SONOS - the ideal Flash memory for monolithic 3-D integration},
   BookTitle = {IEEE International Electron Devices Meeting},
   Pages = {1-4},
   Year = {2008} }

@inproceedings{Lam08,
   Author = {Chung Lam},
   Title = {Cell Design Considerations for Phase Change Memory as a Universal Memory},
   BookTitle = {International Symposium on VLSI Technology, Systems and Applications},
   Pages = {132-133},
   Year = {2008} }

@inproceedings{Lee08,
   Author = {Chain-Ming Lee and Chih-Wei Chen and Wei-Su Chen and Der-Sheng Chao and Ming-Jung Chen and et al},
   Title = {1T2R Structure with Cross-Spacer for High-Density Phase Change Memory},
   BookTitle = {International Symposium on VLSI Technology, Systems and Applications},
   Pages = {136-137},
   Year = {2008} }

@inproceedings{Callan01,
   Author = {J. P. Callan and A. M.-T. Kim and C. A. Roeser and E. Mazur and J. Solis and J. Siegel and C. N. Afonso and J. C. de Sande},
   Title = {Ultrafast Laser-Induced Phase Transitions in Amorphous GeSb Films},
   BookTitle = {Physical Review Letters},
   Volumn = {86},
   Issue = {16},
   Pages = {3650-3653},
   Year = {2001} }

@inproceedings{Raoux08,
   Author = {S. Raoux and G. W. Burr and M. J. Breitwisch and C. T. Rettner and Y.-C.Chen and R. M. Shelby and M. Salinga and et al.},
   Title = {Phase-Change Random Access Memory: A Scalable Technology},
   BookTitle = {IBM Journal Research and Device},
   Volume = {52},
   Number = {4/5},
   Page = {465-479},
   Year = {2008} }

@inproceedings{Lee09,
   Author = {Benjamin Lee and Engin Ipek and Onur Mutlu and Doug Burger},
   Title = {Architecting Phase Change Memory as a Scalable DRAM Alternative},
   BookTitle = {The 36th International Symposium on Computer Architecture (ISCA)},
   Page = {},
   Year = {2009} }

@inproceedings{Zhou09,
   Author = {Ping Zhou and Bo Zhao and Jun Yang and Youtao Zhang},
   Title = {A Durable and Energy Efficient Main Memory Using Phase Change Memory Technology},
   BookTitle = {The 36th International Symposium on Computer Architecture},
   Page = {14--23},
   Year = {2009} }

@inproceedings{Zhang07,
   Author = {Y. Zhang et al.},
   Title = {An intergrated phase change memory cell with ge nanowire diode for cross-point memory},
   BookTitle = {Proc. of Symposium on VLSI Technology Digest of Technical Papers},
   Page = {98-99},
   Year = {2007} }

@inproceedings{Rajendran07,
   Author = {B. Rajendran and H.-L. Lung and C. Lam},
   Title = {Phase change memory opportunities and challenges},
   BookTitle = {Proc. of International Workshop on Physics of Semiconductor Devices},
   Page = {92-95},
   Year = {2007} }

@inproceedings{LeeK08,
   Author = {K.-J. Lee et al.},
   Title = {A 90nm 1.8V 512Mb diode-switch PRAM with 266MB/s read throughput},
   BookTitle = {IEEE J. Solid-State Circuits},
   Volumn = {43},
   Page = {150-162},
   Year = {2008} }

@inproceedings{LiS09,
   Author = {S. Li and T. Zhang},
   Title = {Exploratory Study on Circuit and Architecture Design of Very High Density Diode-Switch Phase Change Memories},
   BookTitle = {IEEE International Symposium on Quality Electronic Design (ISQED)},
   Page = {424-429},
   Year = {2009} }


@inproceedings{Gogl05,
   Author = {Dietmar Gogl and Christian Arndt and John C. Barwin and Alexander Bette and John DeBrosse and Earl Gow and Heinz Hoenigschmid and Stefan Lammers and Mark Lamorey and
   Yu Lu and Tom Maffitt and Kim Maloney and Werner Obermaier and Andre Sturm andHans Viehmann and Dennis Willmott and Mark Wood and William J. Gallagher and Gerhard Mueller and Arkalgud R. Sitaram},
   Title = {A 16-Mb MRAM Featuring Bootstrapped Write Drivers},
   BookTitle = {IEEE Jour. of Solid-State Circuits},
   Volume = {40},
   Number = {4},
   Pages = {902-908},
   Year = {2005} }

@misc{ITRS07,
   Author = {},
   Title = {{International Technology Roadmap for Semiconductor}},
   BookTitle = {},
   Pages = {},
   Year = {2007} }

@misc{synopsys,
   Author = {},
   Title = {{http://www.synopsys.com}},
   BookTitle = {},
   Pages = {},
   Year = {} }

@misc{netbench,
   Author = {},
   Title = {{http://lse.sourceforge.net/benchmarks/netbench/}},
   BookTitle = {},
   Pages = {},
   Year = {} }

@misc{xie_url,
   Author = {},
   Title = {{http://www.cse.psu.edu/~yuanxie/}},
   BookTitle = {},
   Pages = {},
   Year = {} }

@inproceedings{Chen10,
   Author = {Y. Chen and W. Tian and H. Li and X. Wang and W. Zhu},
   Title = {Scalability of PCMO-based Resistive Switch Device in DSM Technologies},
   BookTitle = {IEEE International Symposium on Quality Electronic Design (ISQED)},
   Page = {to appear},
   Year = {2010} }

@inproceedings{Kang03,
   Author = {D.H. Kang and D.H. Ahn and K.B. Kim and J.F. Webb and K.W. Yi},
   Title = {One-dimensional heat conduction model for an electrical phase change random access
memory device with an {$8f^2$} memory cell ({f=0.15$\mu$m})},
   BookTitle = {Journal of Applied Physics},
   Volumn = {94},
   Page = {3536-3542},
   Year = {2003} }


@article{DRAMsim,
   Author = {David Wang and Brinda Ganesh and Nuengwong Tuaycharoen and Katie Baynes and Aamer Jaleel and Bruce Jacob},
   Title = {{DRAMsim: A memory-system simulator}},
   Journal = {SIGARCH Computer Architecture News},
   Volume = {33},
   Number = {4},
   Pages = {100--107},
   Year = {2005} }


@article{Diao07,
  author = {Z. Diao and Z. Li and S. Wang and Y. Ding and A. Panchula and E. Chen and L.-C. Wang and Y. Huai},
  title = "Spin-Transfer Torque Switching in Magnetic Tunnel Junctions and Spin-Transfer Torque
           Random Access Memory",
  journal = "Journal of Physics: Condensed matter",
  volume = 19,
  number = 16,
  pages = 165209,
  year = 2007,
}

@article{Lou08,
  author = {X. Lou and Z. Gao and D. V. Dimitrov and M. X. Tang},
  title = "Demonstration of multilevel cell spin transfer switching in MgO magnetic tunnel junctions",
  journal = "Applied Physics Letter",
  volume = 93,
  pages = 242502,
  year = 2008,
}

@inproceedings{Miura07,
   Author = {K. Miura and T. Kawahara and R. Takemura and J. Hayakawa and S. Ikeda and R. Sasaki and H. Takahashi and H. Matsuoka and H. Ohno},
   Title = {A novel {SPRAM} ({SP}in-transfer torque {RAM}) with a synthetic ferrimagnetic free layer for higher immunity to read disturbance and reducing write-current dispersion},
   BookTitle = {IEEE VLSI Symposium on Technology},
   Pages = {234 - 235},
   Year = {2007} }


@article{Durlam03,
   Author = {M. Durlam and P. J. Naji and A. Omair and M. DeHerrera and J. Calder and J. M. Slaughter and B. N. Engel and
   N. D. Rizzo and G. Grynkewich and B. Butcher and C. Tracy and K. Smith and K. W. Kyler and J. J. Ren and J. A. Molla and
   W. A. Feil and R. G. Williams and S. Tehrani},
   Title = {{A 1-Mbit MRAM based on 1T1MTJ bit cell integrated with copper interconnects}},
   Journal = {IEEE Journal of Solid-State Circuits},
   Volume = {38},
   Number = {5},
   Pages = {769-773},
   Year = {2003} }

@article{Su08,
   Author = {C.-L. Su and C.-W. Tsai and C.-W. Wu and C.-C. Hung and Y.-S. Chen and D.-Y. Wang and Y.-J. Lee and M.-J. Kao},
   Title = {{Write Disturbance Modeling and Testing for MRAM}},
   Journal = {IEEE Transactions on Very Large Scale Integration (VLSI) Systems},
   Volume = {16},
   Number = {3},
   Pages = {277-288},
   Year = {2008} }

@inproceedings{Klostermann07,
   Author = {U. K. Klostermann and M. Angerbauer and U. Griming and F. Kreupl and M. Ruhrig and F. Dahmani and M. Kund and G. Miiller},
   Title = {A Perpendicular Spin Torque Switching based MRAM for the 28 nm Technology Node},
   BookTitle = {IEEE International Electron Devices Meeting (IEDM)},
   Pages = {187-190},
   Year = {2007} }

@inproceedings{Salahuddin07,
   Author = {S. Salahuddin, D. Datta, P. Srivastava, and S. Datta},
   Title = {Quantum Transport Simulation of Tunneling Based Spin Torque Transfer (STT) Devices: Design Trade offs and Torque Efficiency},
   BookTitle = {IEEE International Electron Devices Meeting (IEDM)},
   Pages = {121-124},
   Year = {2007} }

@inproceedings{Beach08,
   Author = {R. Beach, T. Min, C. Horng, Q. Chen, P. Sherman, S. Le, S. Young, K. Yang, H. Yu, X. Lu, W. Kula, T. Zhong, R. Xiao,
   A. Zhong, G. Liu, J. Kan, J. Yuan, J. Chen, R. Tong, J. Chien, T. Torng, D. Tang, P. Wang, M. Chen, S. Assefa, M. Qazi,
   J. DeBrosse, M. Gaidis, S. Kanakasabapathy, Y. Lu, J. Nowak, E. O'Sullivan, T. Maffitt, J. Z. Sun, and W. J. Gallagher},
   Title = {A statistical study of magnetic tunnel junctions for high-density spin torque transfer-MRAM (STT-MRAM)},
   BookTitle = {IEEE International Electron Devices Meeting (IEDM)},
   Pages = {1-4},
   Year = {2008} }

@inproceedings{Kishi08,
   Author = {T. Kishi, H. Yoda, T. Kai, T. Nagase, E. Kitagawa, M. Yoshikawa, K. Nishiyama, T. Daibou, M. Nagamine, M. Amano,
   S. Takahashi, M. Nakayama, N. Shimomura, H. Aikawa, S. Ikegawa, S. Yuasa, K. Yakushiji, H. Kubota, A. Fukushima, M. Oogane,
   T. Miyazaki, and K. Ando},
   Title = {Lower-current and fast switching of a perpendicular TMR for high speed and high density spin-transfer-torque MRAM},
   BookTitle = {IEEE International Electron Devices Meeting (IEDM)},
   Pages = {1-4},
   Year = {2008} }

@inproceedings{Sekikawa08,
   Author = {M. Sekikawa, K. Kiyoyama, H. Hasegawa, K. Miura, T. Fukushima, S. Ikeda, T. Tanaka, H. Ohno, and M. Koyanagi},
   Title = {A novel SPRAM (SPin-transfer torque RAM)-based reconfigurable logic block for 3D-stacked reconfigurable spin processor},
   BookTitle = {IEEE International Electron Devices Meeting (IEDM)},
   Pages = {1-3},
   Year = {2008} }

@inproceedings{Nebashi09,
   Author = {R. Nebashi, N. Sakimura, H. Honjo, S. Saito, Y. Ito, S. Miura, Y. Kato, K. Mori, Y. Ozaki, Y. Kobayashi,
   N. Ohshima, K. Kinoshita, T. Suzuki, K. Nagahara, N. Ishiwata, K. Suemitsu, S. Fukami, H. Hada,
   T. Sugibayashi, and N. Kasai},
   Title = {A 90nm 12ns 32Mb 2T1MTJ MRAM},
   BookTitle = {IEEE International Solid-State Circuits Conference (ISSCC)},
   Pages = {462-463},
   Year = {2009} }

@inproceedings{Sun09,
   Author = {G. Sun, X. Dong, Y. Xie, J. Li, and Y. Chen},
   Title = {A Novel Architecture of the 3D Stacked MRAM L2 Cache for CMPs},
   BookTitle = {14th International Symposium on High-Performance Computer Architecture (HPCA)},
   Pages = {239-249},
   Year = {2009} }

@article{Kawahara08,
  author = {T. Kawahara and R. Takemura and K. Miura and J. Hayakawa and S. Ikeda and Y. M. Lee
            and R. Sasaki and Y. Goto and K. Ito and T. Meguro and F. Matsukura and H. Takahashi
            and H. Matsuoka and H. Ohno},
  title = "2 {M}b {SPRAM} ({SP}in-Transfer Torque {RAM}) With Bit-by-Bit Bi-Directional
           Current Write and Parallelizing-Direction Current Read",
  journal = "IEEE Jour. of Solid-State Circuits",
  volume = 43,
  number = 1,
  year = 2008,
  pages = {109-120},
}

@article{Andre05,
  author = {T. W. Andre and J. J. Nahas and C. K. Subramanian and B. J. Garni and H. S. Lin and A. Omair
            and W. L. Martino, Jr.},
  title = "A 4-{M}b 0.18-$\mu$m {1T1MTJ} Toggle {MRAM} With Balanced Three Input Sensing Scheme
           and Locally Mirrored Unidirectional Write Drivers",
  journal = "IEEE Jour. Of Solid-State Circuits",
  volume = 40,
  number = 1,
  year = 2005,
  pages = {301-309},
}

@article{Wang07,
    author = "W. Wang and Z. Jiang",
    title = "Magnetic Content Addressable Memory",
    journal = "IEEE Trans. on Magnetics",
    volume = 43,
    number = 6,
    month = Jun,
    year = 2007,
    pages = {2355--2357},
}

@misc{Desikan02,
  author = {R. Desikan and C. R. Lefurgy and S. W. Keckler and D. Burger},
  title = "On-chip {MRAM} as a High-Bandwidth Low-Latency Replacement for {DRAM} Physical Memories",
  howpublished = "http://www.cs.utexas.edu/ftp/pub/techreports/tr02-47.pdf",
  year = 2002,
}


@inproceedings{Castro07,
   Author = {D. T. Castro, L. Goux, G. A. M. Hurkx, K. Attenborough, R. Delhougne, J. Lisoni, F. J. Jedema, M. A. A. t Zandt, R. A. M. Wolters,
D. J. Gravesteijn, M. Verheijen, M. Kaiser, and R. G. R. Weemaes},
   Title = {Evidence of the Thermo-Electric Thomson Effect and Influence on
the Program Conditions and Cell Optimization in Phase-Change Memory Cells},
   BookTitle = {IEEE International Electron Devices Meeting (IEDM)},
   Pages = {315-318},
   Year = {2007} }


@inproceedings{Chen07-iedm,
   Author = {W. S. Chen, C. Lee, D. S. Chao, Y. C. Chen, F. Chen, C. W. Chen, R. Yen, M. J. Chen, W. H. Wang, T. C. Hsiao, J. T. Yeh, S. H.
Chiou, M. Y. Liu, T. C. Wang, L. L. Chein, C. Huang, N. T. Shih, L. S. Tu, D. Huang, T. H. Yu, M. J. Kao, and M. J. Tsai},
   Title = {A Novel Cross-Spacer Phase Change Memory with Ultra-Small Lithography Independent Contact Area},
   BookTitle = {IEEE International Electron Devices Meeting (IEDM)},
   Pages = {319-322},
   Year = {2007} }


@inproceedings{Ielmini07,
   Author = {D. Ielmini, S. Lavizzari, D. Sharma, and A. L. Lacaita,},
   Title = {Physical interpretation, modeling and impact on phase change memory (PCM)
reliability of resistance drift due to chalcogenide structural relaxation},
   BookTitle = {IEEE International Electron Devices Meeting (IEDM)},
   Pages = {939-942},
   Year = {2007} }

@inproceedings{Kencke07,
   Author = {D. L. Kencke, I. V. Karpov, B. G. Johnson, L. Sean Jong, K. DerChang, S. J. Hudgens, J. P. Reifenberg, S. D. Savransky, Z. Jingyan,
M. D. Giles, and G. Spadini},
   Title = {The Role of Interfaces in Damascene Phase-Change Memory},
   BookTitle = {IEEE International Electron Devices Meeting (IEDM)},
   Pages = {323-326},
   Year = {2007} }

@inproceedings{Lacaita07,
   Author = {A. L. Lacaita and D. Ielmini},
   Title = {Reliability issues and scaling projections for phase change non volatile memories},
   BookTitle = {IEEE International Electron Devices Meeting (IEDM)},
   Pages = {157-160},
   Year = {2007} }

@inproceedings{Mantegazza07,
   Author = {D. Mantegazza, D. Ielmini, E. Varesi, A. Pirovano, and A. L. Lacaita},
   Title = {Statistical analysis and modeling of programming and retention in PCM arrays},
   BookTitle = {IEEE International Electron Devices Meeting (IEDM)},
   Pages = {311-314},
   Year = {2007} }

@inproceedings{Morikawa07,
   Author = {T. Morikawa, K. Kurotsuchi, M. Kinoshita, N. Matsuzaki, Y. Matsui, Y. Fuiisaki, S. Hanzawa, A. Kotabe, M. Terao, H. Moriya, T.
Iwasaki, M. Matsuoka, F. Nitta, M. Moniwa, T. Koga, and N. Takaura },
   Title = {Doped In-Ge-Te Phase Change Memory Featuring Stable Operation
and Good Data Retention},
   BookTitle = {IEEE International Electron Devices Meeting (IEDM)},
   Pages = {307-310},
   Year = {2007} }

@inproceedings{Nirshl07,
   Author = {T. Nirschl, J. B. Phipp, T. D. Happ, G. W. Burr, B. Rajendran, M. H. Lee, A. Schrott, M. Yang, M. Breitwisch, C. F. Chen, E. Joseph,
M. Lamorey, R. Cheek, S. H. Chen, S. Zaidi, S. Raoux, Y. C. Chen, Y. Zhu, R. Bergmann, H. L. Lung, and C. Lam},
   Title = {Write Strategies for 2 and 4-bit Multi-Level Phase-Change Memory},
   BookTitle = {IEEE International Electron Devices Meeting (IEDM)},
   Pages = {461-464},
   Year = {2007} }

@inproceedings{Takaura07,
   Author = {N. Takaura and D. Wouters},
   Title = {Solid-State and Nanoelectronic Devices - Phase Change Memory and New Approaches for Nanoelectronics},
   BookTitle = {IEEE International Electron Devices Meeting (IEDM)},
   Pages = {297},
   Year = {2007} }

@inproceedings{Tsuchiya07,
   Author = {Y. Tsuchiya, M. Yoshiki, A. Kaneko, S. Inumiya, T. Saito, K. Nakajima, T. Aoyama, A. Nishiyama, and M. Koyama},
   Title = {Feasible Integration Scheme for Dual Work Function FUSI/HfSiON Gate Stacks with Selective Metal Pile-up to nMOSFET},
   BookTitle = {IEEE International Electron Devices Meeting (IEDM)},
   Pages = {519-522},
   Year = {2007} }

@inproceedings{Fantini08,
   Author = {P. Fantini, G. Betti Beneventi, A. Calderoni, L. Larcher, P. Pavan, and F. Pellizzer},
   Title = {Characterization and modelling of low-frequency noise in PCM devices},
   BookTitle = {IEEE International Electron Devices Meeting (IEDM)},
   Pages = {1-4},
   Year = {2008} }

@inproceedings{Im08,
   Author = {D. H. Im, J. I. Lee, S. L. Cho, H. G. An, D. H. Kim, I. S. Kim, H. Park, D. H. Ahn, H. Horii, S. O. Park, U. I. Chung, and J. T. Moon},
   Title = {A unified 7.5nm dash-type confined cell for high performance PRAM device},
   BookTitle = {IEEE International Electron Devices Meeting (IEDM)},
   Pages = {1-4},
   Year = {2008} }

@inproceedings{Lavizzari08,
   Author = {S. Lavizzari, D. Ielmini, D. Sharma, and A. L. Lacaita},
   Title = {Transient effects of delay, switching and recovery in phase change memory (PCM) devices},
   BookTitle = {IEEE International Electron Devices Meeting (IEDM)},
   Pages = {1-4},
   Year = {2008} }

@inproceedings{Rajendran08,
   Author = {B. Rajendran, J. Karidis, M. H. Lee, M. Breitwisch, G. W. Burr, Y. H. Shih, R. Cheek, A. Schrott, H. L. Lung, and C. Lam},
   Title = {Analytical model for RESET operation of Phase Change Memory},
   BookTitle = {IEEE International Electron Devices Meeting (IEDM)},
   Pages = {1-4},
   Year = {2008} }

@inproceedings{Shih08,
   Author = {Y. H. Shih, J. Y. Wu, B. Rajendran, M. H. Lee, R. Cheek, M. Lamorey, M. Breitwisch, Y. Zhu, E. K. Lai,
   C. F. Chen, E. Stinzianni, A. Schrott, E. Joseph, R. Dasaka, S. Raoux, H. L. Lung, and C. Lam},
   Title = {Mechanisms of retention loss in Ge<inf>2</inf>Sb<inf>2</inf>Te<inf>5</inf>-based Phase-Change Memory},
   BookTitle = {IEEE International Electron Devices Meeting (IEDM)},
   Pages = {1-4},
   Year = {2008} }

@inproceedings{Sandre10,
   Author = {G. De Sandre, L. Bettini, A. Pirola, L. Marmonier, M. Pasotti, M. Borghi, P. Mattavelli,
P. Zuliani1, L. Scotti, G. Mastracchio, F. Bedeschi, R. Gastaldi, R. Bez},
   Title = {A 90nm 4Mb Embedded Phase-Change Memory with 1.2V 12ns Read Access Time and 1MB/s Write Throughput},
   BookTitle = {IEEE International Solid-State Circuits Conference (ISSCC)},
   Pages = {14.7},
   Year = {2010} }

@inproceedings{Villa10,
   Author = {C. Villa, D. Mills, G. Barkley, H. Giduturi, S. Schippers, D. Vimercati},
   Title = {A 45nm 1Gb 1.8V Phase-Change Memory},
   BookTitle = {IEEE International Solid-State Circuits Conference (ISSCC)},
   Pages = {14.8},
   Year = {2010} }

@inproceedings{Bedeschi08,
   Author = {F. Bedeschi, R. Fackenthal, C. Resta, E. Donze, M. Jagasivamani, E. Buda,
F. Pellizzer, D. Chow, A. Fantini, A. Calibrini, G. Calvi, R. Faravelli, G. Torelli,
D. Mills, R. Gastaldi, G. Casagrande},
   Title = {A Multi-Level-Cell Bipolar-Selected Phase-Change Memory},
   BookTitle = {IEEE International Solid-State Circuits Conference (ISSCC)},
   Pages = {23.5},
   Year = {2008} }

@inproceedings{Lee07-isscc,
   Author = {K-J. Lee, B. Cho, W-Y. Cho, S. Kang, B-G. Choi, H-R. Oh, C-S. Lee, H-J. Kim, J-M. Park,
Q. Wang, M-H. Park, Y-H. Ro, J-Y. Choi, K-S. Kim, Y-R. Kim, W-R. Chung, H-K. Cho,
K-W. Lim, C-H. Choi, I-C. Shin, D-E. Kim, K-S. Yu, C-K. Kwak, C-H. Kim},
   Title = {A 90nm 1.8V 512Mb Diode-Switch PRAM with 266MB/s Read Throughput},
   BookTitle = {IEEE International Solid-State Circuits Conference (ISSCC)},
   Pages = {26.1},
   Year = {2007} }

@inproceedings{Hanzawa07,
   Author = {S. Hanzawa, N. Kitai, K. Osada, A. Kotabe, Y. Matsui, N. Matsuzaki, N. Takaura,
M. Moniwa, T. Kawahara},
   Title = {A 512kB Embedded PRAM with 416kB\/s Write Throughput at 100$\mu$A Cell Write Current},
   BookTitle = {IEEE International Solid-State Circuits Conference (ISSCC)},
   Pages = {26.2},
   Year = {2007} }

@inproceedings{Cho05,
   Author = {S.L. Cho et al.},
   Title = {Highly Scalable On-axis Confined Cell Structure for High Density PRAM beyond 256Mb},
   BookTitle = {Symposium on VLSI Technology Digest of Technical Papers},
   Pages = {96-97},
   Year = {2005} }

@inproceedings{Kim06,
   Author = {S. Kim, H.-S. P. Wong},
   Title = {Generalized Phase Change Memory Scaling Rule Analysis},
   BookTitle = {Non-Volatile Semiconductor Memory Workshop},
   Year = {2006} }

@inproceedings{Lai01,
   Author = {S. Lai, T. Lowrey},
   Title = {OUM - A 180nm Nonvolatile Memory Cell Element Technology for Standalone and Embedded Applications},
   BookTitle = {IEEE International Electron Devices Meeting (IEDM)},
   Pages = {36.5.1-36.5.4},
   Year = {2001} }


@inproceedings{Pirovano03,
   Author = {A. Pirovano, A. Lacaita, A. Benvenuti, F. Pellizzer, S. Hudgens, R. Bez},
   Title = {Scaling Analysis of Phase-Change Memory Technology},
   BookTitle = {IEEE International Electron Devices Meeting (IEDM)},
   Pages = {29.6.1-29.6.4},
   Year = {2003} }

@article{va,
   Author = {},
   Title = {{}},
   Journal = {},
   Volume = {},
   Number = {},
   Pages = {},
   Year = {} }

[23] S Raoux, et al., \Phase-Change Random Access Memory:
A Scalable Technology," IBM Journal of Research and
Development, vol. 52, No. 4/5, pp. 465-479, 2008.
