% This file was created with JabRef 2.3.
% Encoding: Cp1252

@ARTICLE{Bishop2001,
  author = {Bishop, B. and Lyuboslavsky, V. and Vijaykrishnan, N. and Irwin,
	M.J.},
  title = {Design considerations for databus charge recovery},
  journal = IEEE_J_VLSI,
  year = {2001},
  volume = {9},
  pages = {104--106},
  number = {1},
  month = {Feb. },
  doi = {10.1109/92.920824},
  owner = {eachempa},
  timestamp = {2007.12.06}
}

@ARTICLE{Brooks2007,
  author = {Brooks , R. and Govindaraju, P. Y. and Pirretti, M. and Vijaykrishnan,
	N. and Kandemir, M. T.},
  title = {On the Detection of Clones in Sensor Networks Using Random Key Predistribution},
  journal = {IEEE Transactions on Systems, Man and Cybernetics, Part C: Applications
	and Reviews},
  year = {2007},
  volume = {37},
  pages = {1246--1258},
  number = {6},
  month = {Nov.  },
  doi = {10.1109/TSMCC.2007.905824},
  owner = {eachempa},
  timestamp = {2007.12.06}
}

@ARTICLE{Chandramouli1998,
  author = {Chandramouli, R. and Vijaykrishnan, N. and Ranganathan, N.},
  title = {Sequential tests for integrated-circuit failures},
  journal = IEEE_J_R,
  year = {1998},
  volume = {47},
  pages = {463--471},
  number = {4},
  month = {Dec. },
  doi = {10.1109/24.756091},
  owner = {eachempa},
  timestamp = {2007.12.06}
}

@INPROCEEDINGS{Chen2006a,
  author = {Chen, G. and Chen, Gu. and Kandemir, M. and Vijaykrishnan, N. and
	Irwin, M.J.},
  title = {Object duplication for improving reliability},
  booktitle = {Proc. Asia and South Pacific Conference on Design Automation},
  year = {2006},
  pages = {6pp.},
  month = {24--27 Jan. },
  doi = {10.1109/ASPDAC.2006.1594672},
  owner = {eachempa},
  timestamp = {2007.12.06}
}

@INPROCEEDINGS{Chen2004a,
  author = {Chen, G. and Kandemir, M. and Vijaykrishnan, N. and Sivasubramaniam,
	A. and Irwin, M.J.},
  title = {Analyzing heap error behavior in embedded JVM environments},
  booktitle = {Proc. International Conference on Hardware/Software Codesign and
	System Synthesis CODES + ISSS 2004},
  year = {2004},
  pages = {230--235},
  month = ,
  owner = {eachempa},
  timestamp = {2007.12.06}
}

@ARTICLE{Chen2004,
  author = {Chen, G. and Kang, B.-T. and Kandemir, M. and Vijaykrishnan, N. and
	Irwin, M.J. and Chandramouli, R.},
  title = {Studying energy trade offs in offloading computation/compilation
	in Java-enabled mobile devices},
  journal = IEEE_J_PDS,
  year = {2004},
  volume = {15},
  pages = {795--809},
  number = {9},
  month = {Sept. },
  doi = {10.1109/TPDS.2004.47},
  owner = {eachempa},
  timestamp = {2007.12.06}
}

@INPROCEEDINGS{Chen2006,
  author = {Chen, G. and Xue, L. and Kim, J. and Sobti, K. and Deng, L. and Sun,
	X. and Pitsianis, N. and Chakrabarti, C. and Kandemir, M. and Vijaykrishnan,
	N.},
  title = {Geometric Tiling for Reducing Power Consumption in Structured Matrix
	Operations},
  booktitle = {Proc. IEEE International SOC Conference},
  year = {2006},
  pages = {113--114},
  month = {Sept.  },
  doi = {10.1109/SOCC.2006.283861},
  owner = {eachempa},
  timestamp = {2007.12.06}
}

@ARTICLE{Degalahal2005,
  author = {Degalahal, V. and Lin Li and Narayanan, V. and Kandemir, M. and Irwin,
	M.J.},
  title = {Soft errors issues in low-power caches},
  journal = IEEE_J_VLSI,
  year = {2005},
  volume = {13},
  pages = {1157--1166},
  number = {10},
  month = {Oct. },
  doi = {10.1109/TVLSI.2005.859474},
  owner = {eachempa},
  timestamp = {2007.12.05}
}

@INPROCEEDINGS{Degalahal2004,
  author = {Degalahal, V. and Ramanarayanan, R. and Vijaykrishnan, N. and Xie,
	Y. and Irwin, M.J.},
  title = {The effect of threshold voltages on the soft error rate [memory and
	logic circuits]},
  booktitle = {Proc. 5th International Symposium on Quality Electronic Design},
  year = {2004},
  pages = {503--508},
  month = ,
  doi = {10.1109/ISQED.2004.1283723},
  owner = {eachempa},
  timestamp = {2007.12.06}
}

@ARTICLE{Delaluz2001,
  author = {Delaluz, V. and Kandemir, M. and Vijaykrishnan, N. and Sivasubramaniam,
	A. and Irwin, M.J.},
  title = {Hardware and software techniques for controlling DRAM power modes},
  journal = IEEE_J_C,
  year = {2001},
  volume = {50},
  pages = {1154--1173},
  number = {11},
  month = {Nov. },
  doi = {10.1109/12.966492},
  owner = {eachempa},
  timestamp = {2007.12.06}
}

@INPROCEEDINGS{Duarte2002,
  author = {David Duarte and Yuh-Fang Tsai and Narayanan Vijaykrishnan and Mary
	Jane Irwin},
  title = {Evaluating Run-Time Techniques for Leakage Power Reduction},
  year = {2002},
  citeseercitationcount = {0},
  citeseerurl = {http://citeseer.ist.psu.edu/555784.html},
  owner = {eachempa},
  timestamp = {2007.12.06}
}

@ARTICLE{Duarte2003,
  author = {Duarte, D.E. and Vijaykrishnan, N. and Irwin, M.J.},
  title = {Circuits and systems society VLSI transactions best paper award-2003},
  journal = IEEE_M_CAS,
  year = {2003},
  volume = {3},
  pages = {36--36},
  number = {3},
  month = ,
  doi = {10.1109/MCAS.2003.1263481},
  owner = {eachempa},
  timestamp = {2007.12.06}
}

@ARTICLE{Duarte2002a,
  author = {Duarte, D.E. and Vijaykrishnan, N. and Irwin, M.J.},
  title = {A clock power model to evaluate impact of architectural and technology
	optimizations},
  journal = IEEE_J_VLSI,
  year = {2002},
  volume = {10},
  pages = {844--855},
  number = {6},
  month = {Dec. },
  doi = {10.1109/TVLSI.2002.808433},
  owner = {eachempa},
  timestamp = {2007.12.06}
}

@INPROCEEDINGS{Eachempati2007,
  author = {Soumya Eachempati and Nieuwoudt, A. and Gayasen, A. and Vijaykrishnan,
	N. and Yehia Massoud},
  title = {Assessing Carbon Nanotube Bundle Interconnect for Future FPGA Architectures},
  booktitle = {Proc. Design, Automation \& Test in Europe Conference \& Exhibition
	DATE '07},
  year = {2007},
  pages = {1--6},
  month = {16--20 April },
  doi = {10.1109/DATE.2007.364609},
  owner = {eachempa},
  timestamp = {2007.12.06}
}

@INPROCEEDINGS{Eachempati2007a,
  author = {Eachempati, S. and Vijaykrishnan, N. and Nieuwoudt, A. and Massoud,
	Y.},
  title = {Impact of Process Variations on Carbon Nanotube Bundle Interconnect
	for Future FPGA Architectures},
  booktitle = {Proc. IEEE Computer Society Annual Symposium on VLSI ISVLSI '07},
  year = {2007},
  pages = {516--517},
  month = {9--11 March },
  doi = {10.1109/ISVLSI.2007.56},
  owner = {eachempa},
  timestamp = {2007.12.06}
}

@INPROCEEDINGS{Gayasen2005,
  author = {Gayasen, A. and Vijaykrishnan, N. and Irwin, M.J.},
  title = {Exploring technology alternatives for nano-scale FPGA interconnects},
  booktitle = {Proc. 42nd Design Automation Conference},
  year = {2005},
  pages = {921--926},
  month = {13--17 June },
  owner = {eachempa},
  timestamp = {2007.12.06}
}

@INPROCEEDINGS{Gayasen2006,
  author = {Gayasen, A. and Vijaykrishnan, N. and Kandemir, M. and Rahman, A.},
  title = {Switch Box Architectures for Three-Dimensional FPGAs},
  booktitle = {Proc. 14th Annual IEEE Symposium on Field-Programmable Custom Computing
	Machines FCCM '06},
  year = {2006},
  pages = {335--336},
  month = {April  },
  doi = {10.1109/FCCM.2006.66},
  owner = {eachempa},
  timestamp = {2007.12.06}
}

@INPROCEEDINGS{Hu2005,
  author = {Hu, J.S. and Li, F. and Degalahal, V. and Kandemir, M. and Vijaykrishnan,
	N. and Irwin, M.J.},
  title = {Compiler-directed instruction duplication for soft error detection},
  booktitle = {Proc. Design, Automation and Test in Europe},
  year = {2005},
  pages = {1056--1057},
  month = ,
  doi = {10.1109/DATE.2005.98},
  owner = {eachempa},
  timestamp = {2007.12.06}
}

@INPROCEEDINGS{Hu2004,
  author = {Hu, J.S. and Vijaykrishnan, N. and Irwin, M.J.},
  title = {Exploring Wakeup-Free Instruction Scheduling},
  booktitle = {Proc. 10th International Symposium on HPCA-10 High Performance Computer
	Architecture},
  year = {2004},
  pages = {232--232},
  month = {14--18 Feb. },
  doi = {10.1109/HPCA.2004.10014},
  owner = {eachempa},
  timestamp = {2007.12.06}
}

@ARTICLE{Hu2007,
  author = {Hu, J. and Vijaykrishnan, N. and Irwin, M.J. and Kandemir, M.},
  title = {Optimising power efficiency in trace cache fetch unit},
  journal = {IET Computers \& Digital Techniques},
  year = {2007},
  volume = {1},
  pages = {334--348},
  number = {4},
  month = {July  },
  doi = {10.1049/iet-cdt:20060170},
  owner = {eachempa},
  timestamp = {2007.12.06}
}

@INPROCEEDINGS{Hung2005,
  author = {Hung, W.L. and Link, G.M. and Yuan Xie and Vijaykrishnan, N. and
	Dhanwadaf, N. and Conner, J.},
  title = {Temperature-aware voltage islands architecting in system-on-chip
	design},
  booktitle = {Proc. IEEE International Conference on Computer Design: VLSI in Computers
	and Processors ICCD 2005},
  year = {2005},
  pages = {689--694},
  month = {2--5 Oct. },
  doi = {10.1109/ICCD.2005.103},
  owner = {eachempa},
  timestamp = {2007.12.06}
}

@INPROCEEDINGS{Hung2006,
  author = {Hung, W.-L. and Link, G.M. and Yuan Xie and Vijaykrishnan, N. and
	Irwin, M.J.},
  title = {Interconnect and thermal-aware floorplanning for 3D microprocessors},
  booktitle = {Proc. 7th International Symposium on Quality Electronic Design ISQED
	'06},
  year = {2006},
  pages = {6pp.},
  month = {27--29 March },
  doi = {10.1109/ISQED.2006.77},
  owner = {eachempa},
  timestamp = {2007.12.06}
}

@INPROCEEDINGS{Hung2005a,
  author = {Hung, W.-L. and Xie, Y. and Vijaykrishnan, N. and Addo-Quaye, C.
	and Theocharides, T. and Irwin, M.J.},
  title = {Thermal-aware floorplanning using genetic algorithms},
  booktitle = {Proc. Sixth International Symposium on Quality of Electronic Design
	ISQED 2005},
  year = {2005},
  pages = {634--639},
  month = {21--23 March },
  doi = {10.1109/ISQED.2005.122},
  owner = {eachempa},
  timestamp = {2007.12.06}
}

@INPROCEEDINGS{Hung2004,
  author = {Hung, W. and Xie, Y. and Vijaykrishnan, N. and Kandemir, M. and Irwin,
	M.J. and Tsai, Y.},
  title = {Total Power Optimization through Simultaneously Multiple-VDD Multiple-VTH
	Assignment and Device Sizing with Stack Forcing},
  booktitle = {Proc. International Symposium on Low Power Electronics and Design
	ISLPED '04},
  year = {2004},
  pages = {144--149},
  month = ,
  owner = {eachempa},
  timestamp = {2007.12.06}
}

@INPROCEEDINGS{Irick2007,
  author = {Irick, Kevin and DeBole, Michael and Narayanan, Vijaykrishnan and
	Sharma, Rajeev and Moon, Hankyu and Mummareddy, Satish},
  title = {A Unified Streaming Architecture for Real Time Face Detection and
	Gender Classification},
  booktitle = {Proc. International Conference on Field Programmable Logic and Applications
	FPL 2007},
  year = {2007},
  pages = {267--272},
  month = {27--29 Aug. },
  doi = {10.1109/FPL.2007.4380658},
  owner = {eachempa},
  timestamp = {2007.12.05}
}

@INPROCEEDINGS{Irick2006,
  author = {Irick, Kevin and Theocharides, Theocharis and Narayanan, Vijaykrishnan
	and Irwin, Mary Jane},
  title = {A Real Time Embedded Face Detector on FPGA},
  booktitle = {Proc. Fortieth Asilomar Conference on Signals, Systems and Computers
	ACSSC '06},
  year = {2006},
  pages = {917--920},
  month = {Oct.--Nov. },
  doi = {10.1109/ACSSC.2006.354884},
  owner = {eachempa},
  timestamp = {2007.12.05}
}

@INPROCEEDINGS{Irick2005,
  author = {Irick, K.M. and Xu, W. and Vijaykrishnan, N. and Irwin, M.J.},
  title = {A nanosensor array-based VLSI gas discriminator},
  booktitle = {Proc. 18th International Conference on VLSI Design},
  year = {2005},
  pages = {241--246},
  month = ,
  doi = {10.1109/ICVD.2005.22},
  owner = {eachempa},
  timestamp = {2007.12.06}
}

@ARTICLE{Kandemir2004,
  author = {Kandemir, M. and Ramanujam, J. and Irwin, M.J. and Vijaykrishnan,
	N. and Kadayif, I. and Parikh, A.},
  title = {A compiler-based approach for dynamically managing scratch-pad memories
	in embedded systems},
  journal = IEEE_J_CAD,
  year = {2004},
  volume = {23},
  pages = {243--260},
  number = {2},
  month = {Feb. },
  doi = {10.1109/TCAD.2003.822123},
  owner = {eachempa},
  timestamp = {2007.12.06}
}

@ARTICLE{Kandemir2001,
  author = {Kandemir, M. and Vijaykrishnan, N. and Irwin, M.J. and Wu Ye},
  title = {Influence of compiler optimizations on system power},
  journal = IEEE_J_VLSI,
  year = {2001},
  volume = {9},
  pages = {801--804},
  number = {6},
  month = {Dec. },
  doi = {10.1109/92.974893},
  owner = {eachempa},
  timestamp = {2007.12.06}
}

@INPROCEEDINGS{Kandemir2000,
  author = {Kandemir, M. and Vijaykrishnan, N. and Irwin, M.J. and Ye, W.},
  title = {Influence of compiler optimizations on system power},
  booktitle = {Proc. 37th Design Automation Conference},
  year = {2000},
  pages = {304--307},
  month = {June 5--9, },
  owner = {eachempa},
  timestamp = {2007.12.06}
}

@INPROCEEDINGS{Kang2004a,
  author = {Kang, B. and Vijaykrishnan, N. and Irwin, M.J. and Theocharides,
	T.},
  title = {Power-efficient implementation of turbo decoder in SDR system},
  booktitle = {Proc. IEEE International SOC Conference},
  year = {2004},
  pages = {119--122},
  month = {12--15 Sept. },
  doi = {10.1109/SOCC.2004.1362372},
  owner = {eachempa},
  timestamp = {2007.12.06}
}

@INPROCEEDINGS{Kang2004,
  author = {Byung Tae Kang and Vijaykrishnan, N. and Irwin, M.J.},
  title = {Analyzing software influences on substrate noise: an ADC perspective},
  booktitle = {Proc. ICCAD-2004 Computer Aided Design IEEE/ACM International Conference
	on},
  year = {2004},
  pages = {916--922},
  month = {7--11 Nov. },
  owner = {eachempa},
  timestamp = {2007.12.06}
}

@ARTICLE{Kim2005,
  author = {Kim, E.J. and Link, G.M. and Yum, K.H. and Vijaykrishnan, N. and
	Kandemir, M. and Irwin, M.J. and Das, C.R.},
  title = {A holistic approach to designing energy-efficient cluster interconnects},
  journal = IEEE_J_C,
  year = {2005},
  volume = {54},
  pages = {660--671},
  number = {6},
  month = {Jun },
  doi = {10.1109/TC.2005.86},
  owner = {eachempa},
  timestamp = {2007.12.06}
}

@INPROCEEDINGS{Kim2005b,
  author = {Jongman Kim and  Dongkook Park and  Theocharides, T. and  Vijaykrishnan,
	N. and  Das, C.R.},
  title = {A low latency router supporting adaptivity for on-chip interconnects},
  booktitle = {Proc. 42nd Design Automation Conference},
  year = {2005},
  pages = {559--564},
  month = {13--17 June },
  owner = {eachempa},
  timestamp = {2007.12.06}
}

@ARTICLE{Kim2004,
  author = {Kim, S. and Tomar, S. and Vijaykrishnan, N. and Kandemir, M. and
	Irwin, M.J.},
  title = {Energy-efficient Java execution using local memory and object co-location},
  journal = {IEE Proceedings-Computers and Digital Techniques},
  year = {2004},
  volume = {151},
  pages = {33--42},
  number = {1},
  month = {15 Jan. },
  doi = {10.1049/ip-cdt:20040186},
  owner = {eachempa},
  timestamp = {2007.12.06}
}

@ARTICLE{Kim2005a,
  author = {Kim, S. and Vijaykrishnan, N. and Kandemir, M. and Irwin, M.J.},
  title = {Exploiting temporal loads for low latency and high bandwidth memory},
  journal = {IEE Proceedings-Computers and Digital Techniques},
  year = {2005},
  volume = {152},
  pages = {457--466},
  number = {4},
  month = {8 July },
  doi = {10.1049/ip-cdt:20045124},
  owner = {eachempa},
  timestamp = {2007.12.06}
}

@INPROCEEDINGS{Lattanzi2004,
  author = {Lattanzi, E. and Gayasen, A. and Kandemir, M. and Narayanan, Vijaykrishnan
	and Benini, L. and Bogliolo, A.},
  title = {Improving Java performance using dynamic method migration on FPGAs},
  booktitle = {Proc. 18th International Parallel and Distributed Processing Symposium},
  year = {2004},
  pages = {134--},
  doi = {10.1109/IPDPS.2004.1303105},
  keywords = {Java, coprocessors, distributed programming, field programmable gate
	arrays, shared memory systems, FPGA, Java coprocessor, Java performance,
	complete-system simulator, field programmable gate array, general-purpose
	microprocessor, legacy code, multimedia mobile device, shared-memory
	communication, system configuration},
  owner = {eachempa},
  timestamp = {2007.12.05}
}

@ARTICLE{Lee2006a,
  author = {Jooheung Lee and Vijaykrishnan, N. and Irwin, M.J.},
  title = {Inverse discrete cosine transform architecture exploiting sparseness
	and symmetry properties},
  journal = IEEE_J_CASVT,
  year = {2006},
  volume = {16},
  pages = {655--662},
  number = {5},
  month = {May },
  doi = {10.1109/TCSVT.2006.873155},
  owner = {eachempa},
  timestamp = {2007.12.06}
}

@INPROCEEDINGS{Lee2005,
  author = {Lee, J. and Vijaykrishnan, N. and Irwin, M.J.},
  title = {High performance array processor for video decoding},
  booktitle = {Proc. IEEE Computer Society Annual Symposium on VLSI},
  year = {2005},
  pages = {28--33},
  month = {11--12 May },
  doi = {10.1109/ISVLSI.2005.36},
  owner = {eachempa},
  timestamp = {2007.12.06}
}

@INPROCEEDINGS{Lee2004a,
  author = {Lee, J. and Vijaykrishnan, N. and Irwin, M.J.},
  title = {Efficient VLSI implementation of inverse discrete cosine transform
	[image coding applications]},
  booktitle = {Proc. IEEE International Conference on Acoustics, Speech, and Signal
	Processing (ICASSP '04)},
  year = {2004},
  volume = {5},
  pages = {V--177--80},
  month = {17--21 May },
  doi = {10.1109/ICASSP.2004.1327076},
  owner = {eachempa},
  timestamp = {2007.12.06}
}

@ARTICLE{Lee2006,
  author = {Jooheung Lee and Vijaykrishnan, N. and Irwin, M.J. and Chandramouli,
	R.},
  title = {Block-based frequency scalable technique for efficient hierarchical
	coding},
  journal = IEEE_J_SP,
  year = {2006},
  volume = {54},
  pages = {2559--2566},
  number = {7},
  month = {July },
  doi = {10.1109/TSP.2006.874806},
  owner = {eachempa},
  timestamp = {2007.12.06}
}

@INPROCEEDINGS{Lee2004,
  author = {Lee, J. and Vijaykrishnan, N. and Irwin, M.J. and Radhakrishnan,
	R.},
  title = {Inverse discrete cosine transform architecture exploiting sparseness
	and symmetry properties},
  booktitle = {Proc. IEEE Workshop on Signal Processing Systems SIPS 2004},
  year = {2004},
  pages = {361--366},
  month = ,
  doi = {10.1109/SIPS.2004.1363077},
  owner = {eachempa},
  timestamp = {2007.12.06}
}

@ARTICLE{Lee2006b,
  author = {Jooheung Lee and Vijaykrishnan, N. and Irwin, M.J. and Wolf, W.},
  title = {An efficient architecture for motion estimation and compensation
	in the transform domain},
  journal = IEEE_J_CASVT,
  year = {2006},
  volume = {16},
  pages = {191--201},
  number = {2},
  month = {Feb. },
  doi = {10.1109/TCSVT.2005.857780},
  owner = {eachempa},
  timestamp = {2007.12.06}
}

@INPROCEEDINGS{Li2004,
  author = {Lin Li and Degalahal, V. and Vijaykrishnan, N. and Kandemir, M. and
	Irwin, M.J.},
  title = {Soft Error and Energy Consumption Interactions: A Data Cache Perspective},
  booktitle = {Proc. International Symposium on Low Power Electronics and Design
	ISLPED '04},
  year = {2004},
  pages = {132--137},
  month = ,
  owner = {eachempa},
  timestamp = {2007.12.06}
}

@ARTICLE{Li2007,
  author = {Tao Li and John, L.K. and Sivasubramaniam, A. and Vijaykrishnan,
	N. and Rubio, J.},
  title = {OS-Aware Branch Prediction: Improving Microprocessor Control Flow
	Prediction for Operating Systems},
  journal = IEEE_J_C,
  year = {2007},
  volume = {56},
  pages = {2--17},
  number = {1},
  month = {Jan.  },
  doi = {10.1109/TC.2007.250619},
  owner = {eachempa},
  timestamp = {2007.12.06}
}

@INPROCEEDINGS{Lin2006,
  author = {Lin, I.C. and Srinivasan, S. and Vijaykrishnan, N.},
  title = {Transaction level error susceptibility model for bus based SoC architectures},
  booktitle = {Proc. 7th International Symposium on Quality Electronic Design ISQED
	'06},
  year = {2006},
  pages = {6pp.},
  month = {27--29 March },
  doi = {10.1109/ISQED.2006.138},
  owner = {eachempa},
  timestamp = {2007.12.06}
}

@INPROCEEDINGS{Link2006,
  author = {Link, G.M. and Vijaykrishnan, N.},
  title = {Thermal trends in emerging technologies},
  booktitle = {Proc. 7th International Symposium on Quality Electronic Design ISQED
	'06},
  year = {2006},
  pages = {8pp.},
  month = {27--29 March },
  doi = {10.1109/ISQED.2006.136},
  owner = {eachempa},
  timestamp = {2007.12.06}
}

@INPROCEEDINGS{Link2005,
  author = {Link, G.M. and Vijaykrishnan, N.},
  title = {Hotspot prevention through runtime reconfiguration in network-on-chip},
  booktitle = {Proc. Design, Automation and Test in Europe},
  year = {2005},
  pages = {648--649},
  month = ,
  doi = {10.1109/DATE.2005.176},
  owner = {eachempa},
  timestamp = {2007.12.06}
}

@INPROCEEDINGS{Mondal2007,
  author = {Mondal, M. and Ricketts, A.J. and Kirolos, S. and Ragheb, T. and
	Link, G. and Vijaykrishnan, N. and Massoud, Y.},
  title = {Thermally Robust Clocking Schemes for 3D Integrated Circuits},
  booktitle = {Proc. Design, Automation \& Test in Europe Conference \& Exhibition
	DATE '07},
  year = {2007},
  pages = {1--6},
  month = {16--20 April },
  doi = {10.1109/DATE.2007.364459},
  owner = {eachempa},
  timestamp = {2007.12.06}
}

@INPROCEEDINGS{Mupid2007,
  author = {Amol Mupid and Madhu Mutyam and Vijaykrishnan, N. and Xie, Y. and
	Irwin, M.J.},
  title = {Variation Analysis of CAM Cells},
  booktitle = {Proc. 8th International Symposium on Quality Electronic Design ISQED
	'07},
  year = {2007},
  pages = {333--338},
  month = {26--28 March },
  doi = {10.1109/ISQED.2007.166},
  owner = {eachempa},
  timestamp = {2007.12.06}
}

@ARTICLE{Murali2005,
  author = {Murali, S. and Theocharides, T. and Vijaykrishnan, N. and Irwin,
	M.J. and Benini, L. and De Micheli, G.},
  title = {Analysis of error recovery schemes for networks on chips},
  journal = {IEEE Design \& Test of Computers},
  year = {2005},
  volume = {22},
  pages = {434--442},
  number = {5},
  month = {Sept.--Oct. },
  doi = {10.1109/MDT.2005.104},
  owner = {eachempa},
  timestamp = {2007.12.06}
}

@INPROCEEDINGS{Mutyam2006,
  author = {Mutyam, M. and Eze, M. and Vijaykrishnan, N. and Yuan Xie},
  title = {Delay and energy efficient data transmission for on-chip buses},
  booktitle = {Proc. IEEE Computer Society Annual Symposium on Emerging VLSI Technologies
	and Architectures},
  year = {2006},
  volume = {00},
  pages = {6pp.},
  month = {2--3 March },
  doi = {10.1109/ISVLSI.2006.33},
  owner = {eachempa},
  timestamp = {2007.12.06}
}

@ARTICLE{Narayanan2006c,
  author = {Narayanan, V. and Xie, Y.},
  title = {Reliability concerns in embedded system designs},
  journal = {Computer},
  year = {2006},
  volume = {39},
  pages = {118--120},
  number = {1},
  month = {Jan. },
  doi = {10.1109/MC.2006.31},
  owner = {eachempa},
  timestamp = {2007.12.05}
}

@INPROCEEDINGS{Nicopoulos2006,
  author = {Nicopoulos, C.A. and Dongkook Park and Jongman Kim and Vijaykrishnan,
	N. and Yousif, M.S. and Das, C.R.},
  title = {ViChaR: A Dynamic Virtual Channel Regulator for Network-on-Chip Routers},
  booktitle = {Proc. MICRO-39 Microarchitecture 39th Annual IEEE/ACM International
	Symposium on},
  year = {2006},
  pages = {333--346},
  month = {9--13 Dec. },
  doi = {10.1109/MICRO.2006.50},
  owner = {eachempa},
  timestamp = {2007.12.06}
}

@INPROCEEDINGS{Park2007,
  author = {Park, Dongkook and Das, Reetuparna and Nicopoulos, Chrysostomos and
	Kim, Jongman and Vijaykrishnan, N. and Iyer, Ravishankar and Das,
	Chita R.},
  title = {Design of a Dynamic Priority-Based Fast Path Architecture for On-Chip
	Interconnects},
  booktitle = {Proc. 15th Annual IEEE Symposium on High-Performance Interconnects
	HOTI 2007},
  year = {2007},
  pages = {15--20},
  month = {22--24 Aug. },
  doi = {10.1109/HOTI.2007.4296803},
  owner = {eachempa},
  timestamp = {2007.12.06}
}

@INPROCEEDINGS{Park2006,
  author = {Dongkook Park and Nicopoulos, C. and Jongman Kim and Vijaykrishnan,
	N. and Das, C.R.},
  title = {A Distributed Multi-Point Network Interface for Low-Latency, Deadlock-Free
	On-Chip Interconnects},
  booktitle = {Proc. 1st International Conference on Nano-Networks and Workshops
	NanoNet '06},
  year = {2006},
  pages = {1--6},
  month = {Sept.  },
  doi = {10.1109/NANONET.2006.346214},
  owner = {eachempa},
  timestamp = {2007.12.06}
}

@INPROCEEDINGS{Park2006a,
  author = {Park, D. and Nicopoulos, C. and Kim, J. and Vijaykrishnan, N. and
	Das, C.R.},
  title = {Exploring Fault-Tolerant Network-on-Chip Architectures},
  booktitle = {Proc. International Conference on Dependable Systems and Networks
	DSN 2006},
  year = {2006},
  pages = {93--104},
  month = ,
  doi = {10.1109/DSN.2006.35},
  owner = {eachempa},
  timestamp = {2007.12.06}
}

@INPROCEEDINGS{Pirretti2004,
  author = {Pirretti, M. and  Link, G.M. and  Brooks, R.R. and  Vijaykrishnan,
	N. and  Kandemir, M. and  Irwin, M.J.},
  title = {Fault tolerant algorithms for network-on-chip interconnect},
  booktitle = {Proc. IEEE Computer society Annual Symposium on VLSI},
  year = {2004},
  pages = {46--51},
  month = {19--20 Feb. },
  owner = {eachempa},
  timestamp = {2007.12.06}
}

@ARTICLE{Radhakrishnan2001,
  author = {Radhakrishnan, R. and Vijaykrishnan, N. and John, L.K. and Sivasubramaniam,
	A. and Rubio, J. and Sabarinathan, J.},
  title = {Java runtime systems: characterization and architectural implications},
  journal = IEEE_J_C,
  year = {2001},
  volume = {50},
  pages = {131--146},
  number = {2},
  month = {Feb. },
  doi = {10.1109/12.908989},
  owner = {eachempa},
  timestamp = {2007.12.06}
}

@INPROCEEDINGS{Rajaraman2006,
  author = {Rajaraman, R. and Kim, J.S. and Vijaykrishnan, N. and Xie, Y. and
	Irwin, M.J.},
  title = {SEAT-LA: a soft error analysis tool for combinational logic},
  booktitle = {Proc. th International Conference on VLSI Design Held jointly with
	5th International Conference on Embedded Systems and Design},
  year = {2006},
  pages = {4pp.},
  month = {3--7 Jan. },
  doi = {10.1109/VLSID.2006.143},
  owner = {eachempa},
  timestamp = {2007.12.06}
}

@ARTICLE{Rajaraman2007,
  author = {Ramanarayanan Rajaraman and Degalahal Vijay Sai and Kim Jungsub and
	Narayanan Vijaykrishnan and Xie Yuan and Irwin Mary Jane},
  title = {Modeling Soft Errors at Device and Logic Level for combinational
	circuits},
  journal = {IEEE Transactions on},
  year = {2007},
  pages = {1--1},
  number = {99},
  note = {Accepted for future publication Dependable and Secure Computing},
  doi = {10.1109/TDSC.2007.70231},
  owner = {eachempa},
  timestamp = {2007.12.05}
}

@INPROCEEDINGS{Ramakrishnan2007,
  author = {Ramakrishnan, K. and Rajaraman, R. and Suresh, S. and Vijaykrishnan,
	N. and Xie, Y. and Irwin, M.J.},
  title = {Variation Impact on SER of Combinational Circuits},
  booktitle = {Proc. 8th International Symposium on Quality Electronic Design ISQED
	'07},
  year = {2007},
  pages = {911--916},
  month = {26--28 March },
  doi = {10.1109/ISQED.2007.168},
  owner = {eachempa},
  timestamp = {2007.12.06}
}

@ARTICLE{Ranganathan1998,
  author = {Ranganathan, N. and Vijaykrishnan, N. and Bhavanishankar, N.},
  title = {A linear array processor with dynamic frequency clocking for image
	processing applications},
  journal = IEEE_J_CASVT,
  year = {1998},
  volume = {8},
  pages = {435--445},
  number = {4},
  month = {Aug. },
  doi = {10.1109/76.709410},
  owner = {eachempa},
  timestamp = {2007.12.06}
}

@INPROCEEDINGS{Reddy2005,
  author = {Reddy, E.S.S. and  Chandrasekhar, V. and  Sashikanth, M. and  Kamakoti,
	V. and  Vijaykrishnan, N.},
  title = {Online Detection and Diagnosis of Multiple Configuration Upsets in
	LUTs of SRAM-Based FPGAs},
  booktitle = {Proc. 19th IEEE International Parallel and Distributed Processing
	Symposium},
  year = {2005},
  pages = {172a--172a},
  month = {04--08 April },
  doi = {10.1109/IPDPS.2005.308},
  owner = {eachempa},
  timestamp = {2007.12.06}
}

@INPROCEEDINGS{Reddy2005a,
  author = {Reddy, E.S.S. and Chandrasekhar, V. and Sashikanth, M. and Kamakoti,
	V. and Vijaykrishnan, N.},
  title = {Detecting SEU-caused routing errors in SRAM-based FPGAs},
  booktitle = {Proc. 18th International Conference on VLSI Design},
  year = {2005},
  pages = {736--741},
  month = {3--7 Jan. },
  doi = {10.1109/ICVD.2005.79},
  owner = {eachempa},
  timestamp = {2007.12.06}
}

@INPROCEEDINGS{Ricketts2006,
  author = {Ricketts, A.J. and Irick, K. and Vijaykrishnan, N. and Irwin, M.J.},
  title = {Priority Scheduling in Digital Microfluidics-Based Biochips},
  booktitle = {Proc. Design, Automation and Test in Europe DATE '06},
  year = {2006},
  volume = {1},
  pages = {1--6},
  month = {6--10 March },
  owner = {eachempa},
  timestamp = {2007.12.06}
}

@INPROCEEDINGS{Ricketts2007,
  author = {Ricketts, A.J. and Madhu Mutyam and Vijaykrishnan, N. and Irwin,
	N.J.},
  title = {Investigating Simple Low Latency Reliable Multiported Register Files},
  booktitle = {Proc. IEEE Computer Society Annual Symposium on VLSI ISVLSI '07},
  year = {2007},
  pages = {375--382},
  month = {9--11 March },
  doi = {10.1109/ISVLSI.2007.62},
  owner = {eachempa},
  timestamp = {2007.12.06}
}

@INPROCEEDINGS{Saputra2005,
  author = {Saputra, H. and Ozturk, O. and Vijaykrishnan, N. and Kandemir, M.
	and Brooks, R.},
  title = {A data-driven approach for embedded security},
  booktitle = {Proc. IEEE Computer Society Annual Symposium on VLSI},
  year = {2005},
  pages = {104--109},
  month = {11--12 May },
  doi = {10.1109/ISVLSI.2005.4},
  owner = {eachempa},
  timestamp = {2007.12.06}
}

@ARTICLE{Saputra2003,
  author = {Saputra, H. and Vijaykrishnan, N. and Kandemir, M. and Irwin, M.J.
	and Brooks, R.},
  title = {Masking the energy behaviour of encryption algorithms},
  journal = {IEE Proceedings-Computers and Digital Techniques},
  year = {2003},
  volume = {150},
  pages = {274--84},
  number = {5},
  month = {22 Sept. },
  doi = {10.1049/ip-cdt:20030832},
  owner = {eachempa},
  timestamp = {2007.12.06}
}

@INPROCEEDINGS{Srinivasan2005,
  author = {Srinivasan, S. and Angiolini, F. and Ruggiero, M. and Benini, L.
	and Vijaykrishnan, N.},
  title = {Simultaneous memory and bus partitioning for SoC architectures},
  booktitle = {Proc. IEEE International SOC Conference},
  year = {2005},
  pages = {125--128},
  month = {25--28 Sept. },
  doi = {10.1109/SOCC.2005.1554478},
  owner = {eachempa},
  timestamp = {2007.12.06}
}

@INPROCEEDINGS{Srinivasan2005a,
  author = {Srinivasan, S. and Gayasen, A. and Vijaykrishnan, N.},
  title = {Leakage control in FPGA routing fabric},
  booktitle = {Proc. Asia and South Pacific Design Automation Conference the ASP-DAC
	2005},
  year = {2005},
  volume = {1},
  pages = {661--664},
  month = {18--21 Jan. },
  doi = {10.1109/ASPDAC.2005.1466246},
  owner = {eachempa},
  timestamp = {2007.12.06}
}

@INPROCEEDINGS{Srinivasan2004,
  author = {Srinivasan, S. and Gayasen, A. and Vijaykrishnan, N. and Kandemir,
	M. and Xie, Y. and Irwin, M.J.},
  title = {Improving soft-error tolerance of FPGA configuration bits},
  booktitle = {Proc. ICCAD-2004 Computer Aided Design IEEE/ACM International Conference
	on},
  year = {2004},
  pages = {107--110},
  month = {7--11 Nov. },
  owner = {eachempa},
  timestamp = {2007.12.06}
}

@INPROCEEDINGS{Srinivasan2005b,
  author = {Srinivasan, S. and Li, L. and Vijaykrishnan, N.},
  title = {Simultaneous partitioning and frequency assignment for on-chip bus
	architectures},
  booktitle = {Proc. Design, Automation and Test in Europe},
  year = {2005},
  pages = {218--223},
  month = ,
  doi = {10.1109/DATE.2005.269},
  owner = {eachempa},
  timestamp = {2007.12.06}
}

@INPROCEEDINGS{Srinivasan2006,
  author = {Srinivasan, S. and Ramadoss, R. and Vijaykrishnan, N.},
  title = {Process Variation Aware Parallelization Strategies for MPSoCs},
  booktitle = {Proc. IEEE International SOC Conference},
  year = {2006},
  pages = {179--182},
  month = {Sept.  },
  doi = {10.1109/SOCC.2006.283876},
  owner = {eachempa},
  timestamp = {2007.12.06}
}

@INPROCEEDINGS{Sundararajan2006,
  author = {Sundararajan, P. and Gayasen, A. and Vijaykrishnan, N. and Tuan,
	T.},
  title = {Thermal Characterization and Optimization in Platform FPGAs},
  booktitle = {Proc. IEEE/ACM International Conference on Computer-Aided Design
	ICCAD '06},
  year = {2006},
  pages = {443--447},
  month = {Nov.  },
  doi = {10.1109/ICCAD.2006.320154},
  owner = {eachempa},
  timestamp = {2007.12.06}
}

@INPROCEEDINGS{Sundararajan2006a,
  author = {Sundararajan, P. and Krishnamurthy, S. and Vijaykrishnan, N. and
	Chaudhary, K. and Jayaraman, R.},
  title = {Performance Improvements through Timing Driven Reconfiguration of
	Black-Boxes in Platform FPGAs},
  booktitle = {Proc. IEEE International SOC Conference},
  year = {2006},
  pages = {105--106},
  month = {Sept.  },
  doi = {10.1109/SOCC.2006.283857},
  owner = {eachempa},
  timestamp = {2007.12.06}
}

@INPROCEEDINGS{Theocharides2004a,
  author = {Theocharides, T. and  Link, G. and  Swankoski, E. and  Vijaykrishnan,
	N. and  Irwin, M.J. and  Schmit, H.},
  title = {Evaluating alternative implementations for LDPC decoder check node
	function},
  booktitle = {Proc. IEEE Computer society Annual Symposium on VLSI},
  year = {2004},
  pages = {77--82},
  month = {19--20 Feb. },
  owner = {eachempa},
  timestamp = {2007.12.06}
}

@INPROCEEDINGS{Theocharides2004,
  author = {Theocharides, T. and Link, G. and Vijaykrishnan, N. and Invin, M.J.
	and Srikantam, V.},
  title = {A generic reconfigurable neural network architecture as a network
	on chip},
  booktitle = {Proc. IEEE International SOC Conference},
  year = {2004},
  pages = {191--194},
  month = {12--15 Sept. },
  doi = {10.1109/SOCC.2004.1362404},
  owner = {eachempa},
  timestamp = {2007.12.06}
}

@INPROCEEDINGS{Theocharides2005,
  author = {Theocharides, T. and Link, G. and Vijaykrishnan, N. and Irwin, M.J.},
  title = {Implementing LDPC decoding on network-on-chip},
  booktitle = {Proc. 18th International Conference on VLSI Design},
  year = {2005},
  pages = {134--137},
  month = {3--7 Jan. },
  doi = {10.1109/ICVD.2005.109},
  owner = {eachempa},
  timestamp = {2007.12.06}
}

@INPROCEEDINGS{Theocharides2006,
  author = {Theocharides, T. and Vijaykrishnan, N. and Irwin, M.J.},
  title = {A parallel architecture for hardware face detection},
  booktitle = {Proc. IEEE Computer Society Annual Symposium on Emerging VLSI Technologies
	and Architectures},
  year = {2006},
  volume = {00},
  pages = {2pp.},
  month = {2--3 March },
  doi = {10.1109/ISVLSI.2006.10},
  owner = {eachempa},
  timestamp = {2007.12.06}
}

@INPROCEEDINGS{Tsai2004a,
  author = {Yuh-Fang Tsai and Ankadi, A.H. and Vijaykrishnan, N. and Irwin, M.J.
	and Theocharides, T.},
  title = {ChipPower: an architecture-level leakage simulator},
  booktitle = {Proc. IEEE International SOC Conference},
  year = {2004},
  pages = {395--398},
  month = {12--15 Sept. },
  doi = {10.1109/SOCC.2004.1362476},
  owner = {eachempa},
  timestamp = {2007.12.06}
}

@ARTICLE{Tsai2004,
  author = {Yuh-Fang Tsai and Duarte, D.E. and Vijaykrishnan, N. and Irwin, M.J.},
  title = {Characterization and modeling of run-time techniques for leakage
	power reduction},
  journal = IEEE_J_VLSI,
  year = {2004},
  volume = {12},
  pages = {1221--1233},
  number = {11},
  month = {Nov. },
  doi = {10.1109/TVLSI.2004.836315},
  owner = {eachempa},
  timestamp = {2007.12.06}
}

@INPROCEEDINGS{Tsai2004b,
  author = {Yuh-Fang Tsai and Duarte, D. and Vijaykrishnan, N. and Irwin, M.J.},
  title = {Impact of process scaling on the efficacy of leakage reduction schemes},
  booktitle = {Proc. International Conference on Integrated Circuit Design and Technology
	ICICDT '04},
  year = {2004},
  pages = {3--11},
  month = ,
  doi = {10.1109/ICICDT.2004.1309890},
  owner = {eachempa},
  timestamp = {2007.12.06}
}

@INPROCEEDINGS{Tsai2005a,
  author = {Yuh-Fang Tsai and Vijaykrishnan, N. and Yuan Xie and Irwin, M.J.},
  title = {Influence of leakage reduction techniques on delay/leakage uncertainty},
  booktitle = {Proc. 18th International Conference on VLSI Design},
  year = {2005},
  pages = {374--379},
  month = {3--7 Jan. },
  doi = {10.1109/ICVD.2005.111},
  owner = {eachempa},
  timestamp = {2007.12.06}
}

@INPROCEEDINGS{Tsai2005,
  author = {Yuh-Fang Tsai and Yuan Xie and Vijaykrishnan, N. and Irwin, M.J.},
  title = {Three-dimensional cache design exploration using 3DCacti},
  booktitle = {Proc. IEEE International Conference on Computer Design: VLSI in Computers
	and Processors ICCD 2005},
  year = {2005},
  pages = {519--524},
  month = {2--5 Oct. },
  doi = {10.1109/ICCD.2005.108},
  owner = {eachempa},
  timestamp = {2007.12.06}
}

@INPROCEEDINGS{Vaidyanathan2007,
  author = {Vaidyanathan, Balaji and Hung, Wei-Lun and Wang, Feng and Xie, Yuan
	and Narayanan, Vijaykrishnan and Irwin, Mary Jane},
  title = {Architecting Microprocessor Components in 3D Design Space},
  booktitle = {Proc. th International Conference on VLSI Design Held jointly with
	6th International Conference on Embedded Systems},
  year = {2007},
  pages = {103--108},
  doi = {10.1109/VLSID.2007.41},
  issn = {1063-9667},
  keywords = {integrated circuit design, logic design, microprocessor chips, 2D
	design tools, 3D design space, 3D integration, IPC improvement analysis,
	microprocessor components, thermal constraints},
  owner = {eachempa},
  timestamp = {2007.12.05}
}

@INPROCEEDINGS{Vaidyanathan2006,
  author = {Vaidyanathan, Balaji and Srinivasan, Suresh and Xie, Yuan and Vijaykrishnan,
	Narayanan and Rong, Luo},
  title = {Leakage Optimized DECAP Design for FPGAs},
  booktitle = {Proc. IEEE Asia Pacific Conference on Circuits and Systems APCCAS
	2006},
  year = {2006},
  pages = {960--963},
  doi = {10.1109/APCCAS.2006.342221},
  keywords = {capacitors, circuit optimisation, field programmable gate arrays,
	integrated circuit design, leakage currents, system-on-chip, DECAP
	design, FPGA, face leakage, leakage optimization, on-chip decoupling
	capacitors},
  owner = {eachempa},
  timestamp = {2007.12.05}
}

@INPROCEEDINGS{Vijaykrishnan2005,
  author = {Vijaykrishnan, N.},
  title = {Soft errors: is the concern for soft-errors overblown?},
  booktitle = {Proc. IEEE International Test Conference ITC 2005},
  year = {2005},
  pages = {2pp.},
  month = {8--10 Nov. },
  doi = {10.1109/TEST.2005.1584102},
  owner = {eachempa},
  timestamp = {2007.12.06}
}

@INPROCEEDINGS{Vijaykrishnan2000,
  author = {N. Vijaykrishnan and M. J. Irwin and H. S. Kim and W. Ye},
  title = {Energy-Driven Integrated Hardware-Software Optimizations Using SimplePower},
  year = {2000},
  citeseercitationcount = {0},
  citeseerurl = {http://citeseer.ist.psu.edu/396222.html},
  owner = {eachempa},
  timestamp = {2007.12.06}
}

@ARTICLE{Vijaykrishnan2003,
  author = {Vijaykrishnan, N. and Kandemir, M. and Irwin, M.J. and Hyun Suk Kim
	and Wu Ye and Duarte, D.},
  title = {Evaluating integrated hardware-software optimizations using a unified
	energy estimation framework},
  journal = IEEE_J_C,
  year = {2003},
  volume = {52},
  pages = {59--76},
  number = {1},
  month = {Jan. },
  doi = {10.1109/TC.2003.1159754},
  owner = {eachempa},
  timestamp = {2007.12.06}
}

@ARTICLE{Vijaykrishnan2000a,
  author = {Vijaykrishnan, N. and Ranganathan, N.},
  title = {Supporting object accesses in a Java processor},
  journal = {IEE Proceedings-Computers and Digital Techniques},
  year = {2000},
  volume = {147},
  pages = {435--443},
  number = {6},
  month = {Nov. },
  doi = {10.1049/ip-cdt:20000787},
  owner = {eachempa},
  timestamp = {2007.12.06}
}

@ARTICLE{Wang2007,
  author = {Wang, F. and Bole, M.D. and Wu, X. and Xie, Y. and Vijaykrishnan,
	N. and Irwin, M.J.},
  title = {On-chip bus thermal analysis and optimisation},
  journal = {IET Computers \& Digital Techniques},
  year = {2007},
  volume = {1},
  pages = {590--599},
  number = {5},
  month = {Sept.  },
  doi = {10.1049/iet-cdt:20060116},
  owner = {eachempa},
  timestamp = {2007.12.06}
}

@INPROCEEDINGS{Wang2006,
  author = {Feng Wang and Yuan Xie and Vijaykrishnan, N. and Irwin, M.J.},
  title = {On-chip Bus Thermal Analysis and Optimization},
  booktitle = {Proc. Design, Automation and Test in Europe DATE '06},
  year = {2006},
  volume = {1},
  pages = {1--6},
  month = {6--10 March },
  owner = {eachempa},
  timestamp = {2007.12.06}
}

@INPROCEEDINGS{Xie2004,
  author = {Xie, Y. and Li, L. and Kandemir, M. and Vijaykrishnan, N. and Irwin,
	M.J.},
  title = {Reliability-aware co-synthesis for embedded systems},
  booktitle = {Proc. 15th IEEE International Conference on Application-Specific
	Systems, Architectures and Processors},
  year = {2004},
  pages = {41--50},
  month = ,
  doi = {10.1109/ASAP.2004.1342457},
  owner = {eachempa},
  timestamp = {2007.12.06}
}

@ARTICLE{Yang2005,
  author = {Yang, S. and Wolf, W. and Vijaykrishnan, N.},
  title = {Power and performance analysis of motion estimation based on hardware
	and software realizations},
  journal = IEEE_J_C,
  year = {2005},
  volume = {54},
  pages = {714--726},
  number = {6},
  month = {Jun },
  doi = {10.1109/TC.2005.102},
  owner = {eachempa},
  timestamp = {2007.12.06}
}

@INPROCEEDINGS{Yang2004,
  author = {Shengqi Yang and Wolf, W. and Vijaykrishnan, N.},
  title = {Search speed and power driven integrated software and hardware optimizations
	for motion estimation algorithms},
  booktitle = {Proc. IEEE International Conference on Multimedia and Expo ICME '04},
  year = {2004},
  volume = {1},
  pages = {707--710},
  month = {27--30 June },
  owner = {eachempa},
  timestamp = {2007.12.06}
}

@INPROCEEDINGS{Yang2005b,
  author = {Shengqi Yang and Wolf, W. and Vijaykrishnan, N. and Serpanos, D.N.
	and Yuan Xie},
  title = {Power attack resistant cryptosystem design: a dynamic voltage and
	frequency switching approach},
  booktitle = {Proc. Design, Automation and Test in Europe},
  year = {2005},
  pages = {64--69},
  month = ,
  doi = {10.1109/DATE.2005.241},
  owner = {eachempa},
  timestamp = {2007.12.06}
}

@INPROCEEDINGS{Yang2006,
  author = {Shengqi Yang and Wolf, W. and Vijaykrishnan, N. and Yuan Xie},
  title = {Reliability-aware SOC voltage islands partition and floorplan},
  booktitle = {Proc. IEEE Computer Society Annual Symposium on Emerging VLSI Technologies
	and Architectures},
  year = {2006},
  volume = {00},
  pages = {6pp.},
  month = {2--3 March },
  doi = {10.1109/ISVLSI.2006.79},
  owner = {eachempa},
  timestamp = {2007.12.06}
}

@INPROCEEDINGS{Yang2005c,
  author = {Shengqi Yang and Wolf, W. and Vijaykrishnan, N. and Yuan Xie and
	Wenping Wang},
  title = {Accurate stacking effect macro-modeling of leakage power in sub-100
	nm circuits},
  booktitle = {Proc. 18th International Conference on VLSI Design},
  year = {2005},
  pages = {165--170},
  month = ,
  doi = {10.1109/ICVD.2005.41},
  owner = {eachempa},
  timestamp = {2007.12.06}
}

@INPROCEEDINGS{Yang2005a,
  author = {Shengqi Yang and Wolf, W. and Wenping Wang and Vijaykrishnan, N.
	and Yuan Xie},
  title = {Low-leakage robust SRAM cell design for sub-100nm technologies},
  booktitle = {Proc. Asia and South Pacific Design Automation Conference the ASP-DAC
	2005},
  year = {2005},
  volume = {1},
  pages = {539--544},
  month = {18--21 Jan. },
  doi = {10.1109/ASPDAC.2005.1466222},
  owner = {eachempa},
  timestamp = {2007.12.06}
}

@INPROCEEDINGS{Ye2000,
  author = {Ye, W. and Vijaykrishnan, N. and Kandemir, M. and Irwin, M.J.},
  title = {The design and use of simplePower: a cycle-accurate energy estimation
	tool},
  booktitle = {Proc. 37th Design Automation Conference},
  year = {2000},
  pages = {340--345},
  month = {June 5--9, },
  owner = {eachempa},
  timestamp = {2007.12.06}
}

@ARTICLE{Zhang2005,
  author = {Zhang, W. and Tsai, Y.-F. and Kandemir, M. and Vijaykrishnan, N.
	and Irwin, M.J. and De, V.},
  title = {Leakage-aware compilation for VLIW architectures},
  journal = {IEE Proceedings-Computers and Digital Techniques},
  year = {2005},
  volume = {152},
  pages = {251--260},
  number = {2},
  month = {Mar },
  doi = {10.1049/ip-cdt:20045059},
  owner = {eachempa},
  timestamp = {2007.12.06}
}

@comment{jabref-meta: selector_publisher:}

@comment{jabref-meta: selector_author:}

@comment{jabref-meta: selector_journal:}

@comment{jabref-meta: selector_keywords:}

