@article{Andre05,
  author = {T. W. Andre and J. J. Nahas and C. K. Subramanian and B. J. Garni and H. S. Lin and A. Omair
            and W. L. Martino, Jr.},
  title = "A 4-{M}b 0.18-$\mu$m {1T1MTJ} Toggle {MRAM} With Balanced Three Input Sensing Scheme
           and Locally Mirrored Unidirectional Write Drivers",
  journal = "IEEE Jour. Of Solid-State Circuits",
  volume = 40,
  number = 1,
  year = 2005,
  pages = {301--309}  }

@article{Asenov03,
  author = {A. Asenov and S. Kaya and A.R. Brown},
  title = "Intrinsic parameter fluctuations in decananometer mosfets introduced by gate line edge roughness",
  journal = "IEEE Transactions on Electron Devices",
  Volume = {50},
  volume = {5},
  pages = {1254--1260},
  year = {2003},
}

@inproceedings{Baek05,
   Author = {I.G. Baek and D.C. Kim and M.J. Lee and H.J. Kim and
E.K. Yim and M.S. Lee and J.E. Lee and S.E. Ahn and S. Seo and
J.H. Lee and J.C. Park and Y.K. Cha and S.O. Park and
H.S. Kim and I.K. Yoo and U.In Chung and J.T. Moon and B.I. Ryu},
   Title = {Multi-layer cross-point binary oxide resistive memory ({O}x{RRAM}) for post-{NAND} storage application},
   BookTitle = {IEEE International Electron Devices Meeting (IEDM)},
   Pages = {750--753},
   Year = {2005} }

@misc{Balasubramanian09,
   Author = {Rabindranath Balasubramanian and Gregory Bakker},
   Title = {Programmable system on a chip for power-supply voltage and current monitoring and control},
   Year = {2009},
   note = "{US Patent pending, application number 12/350,419}"  }

@inproceedings{Beach08,
   Author = {R. Beach and T. Min and C. Horng and Q. Chen and P. Sherman and S. Le and S. Young and K. Yang
and H. Yu and X. Lu and W. Kula and T. Zhong, R. Xiao and A. Zhong and G. Liu and J. Kan and J. Yuan and J. Chen
and R. Tong and J. Chien and T. Torng and D. Tang and P. Wang and M. Chen and S. Assefa and M. Qazi
and J. DeBrosse and M. Gaidis and S. Kanakasabapathy and Y. Lu and J. Nowak and E. O'Sullivan and T. Maffitt
and J. Z. Sun and W. J. Gallagher},
   Title = {A statistical study of magnetic tunnel junctions for high-density spin torque transfer-{MRAM (STT-MRAM)}},
   BookTitle = {IEEE International Electron Devices Meeting (IEDM)},
   Pages = {1--4},
   Year = {2008} }

@inproceedings{Bedeschi08,
   Author = {F. Bedeschi and R. Fackenthal and C. Resta and E. Donze and M. Jagasivamani and E. Buda
and F. Pellizzer and D. Chow and A. Fantini and A. Calibrini and G. Calvi and R. Faravelli and G. Torelli
and D. Mills and R. Gastaldi and G. Casagrande},
   Title = {A Multi-Level-Cell Bipolar-Selected Phase-Change Memory},
   BookTitle = {IEEE International Solid-State Circuits Conference (ISSCC)},
   Pages = {23.5},
   Year = {2008} }

@article{Bedeschi09,
   Author = {Ferdinando Bedeschi and Rich Fackenthal and Claudio Resta and Enzo Michele Donz��and Meenatchi Jagasivamani and
Egidio Cassiodoro Buda and Fabio Pellizzer and David W. Chow and Alessandro Cabrini and Giacomo Matteo Angelo Calvi and
Roberto Faravelli and Andrea Fantini and Guido Torelli and Duane Mills and
Roberto Gastaldi and Giulio Casagrande},
   Title = {A Bipolar-Selected Phase Change Memory Featuring Multi-Level Cell Storage},
   Journal = {IEEE Journal of Solid-State Circuits},
   Volume = {44},
   Number = {1},
   Pages = {217--227},
   Year = {2009} }

@article{burr:scm08,
   Author = {G. W. Burr and B. N. Kurdi and J. C. Scott and C. H. Lam and K. Gopalakrishnan and R. S. Shenoty},
   Title = {Overview of candidate device technologies for storage-class memory},
   Journal = {IBM Journal Research and Device},
   Volume = {52},
   Number = {4/5},
   Pages = {449--464},
   Year = {2008} }

@article{Chua71,
   Author = {L. O. Chua},
   Title = {Memristor {--} The Missing Circuit Element},
   Journal = {IEEE Trans. Circuit Theory},
   Volume = {CT-18},
   Number = {5},
   Pages = {507--519},
   Year = {1971} }

@article{Chua76,
   Author = {L. O. Chua},
   Title = {Memristive Devices and Systems},
   Journal = {Proc. IEEE},
   Volume = {64},
   Pages = {209--223},
   Year = {1976} }

@inproceedings{Chen06,
   Author = {Y. C. Chen and C. T. Rettner and S. Raoux and G. W. Burr and S. H. Chen and R. M. Shelby and M. Salinga and et al.},
   Title = {Ultra-thin Phase-change Bridge Memory Device Using {G}e{S}b},
   BookTitle = {Proceedings of the IEEE International Electron Devices Meeting (IEDM)},
   Pages = {30.3.1--30.3.4},
   Year = {2006} }

@inproceedings{Chen07-iedm,
   Author = {W. S. Chen and C. Lee and D. S. Chao and Y. C. Chen and F. Chen and C. W. Chen and R. Yen
and M. J. Chen and W. H. Wang and T. C. Hsiao and J. T. Yeh and S. H. Chiou and M. Y. Liu and T. C. Wang
and L. L. Chein and C. Huang and N. T. Shih and L. S. Tu and D. Huang and T. H. Yu
and M. J. Kao and M. J. Tsai},
   Title = {A Novel Cross-Spacer Phase Change Memory with Ultra-Small Lithography Independent Contact Area},
   BookTitle = {IEEE International Electron Devices Meeting (IEDM)},
   Pages = {319--322},
   Year = {2007} }

@inproceedings{Chen08,
   Author = {Y. Chen and X. Wang and H. Li and H. Liu and D. Dimitrov},
   Title = {Design Margin Exploration of Spin-Torque Transfer {RAM (SPRAM)}},
   BookTitle = {International Symposium on Quality Electronic Design},
   Pages = {684--690},
   Year = {2008} }

@inproceedings{Chen09,
   Author = {Y. Chen and X. Wang},
   Title = {Compact Modeling and Corner Analysis of Spintronic Memristor},
   BookTitle = {IEEE/ACM International Symposium on Nanoscale Architectures 2009 (Nanoarch09)},
   Pages = {7--12},
   Year = {2009} }

@inproceedings{Cho05,
   Author = {S. L. Cho et al.},
   Title = {Highly Scalable On-axis Confined Cell Structure for High Density {PRAM} beyond 256{M}b},
   BookTitle = {Symposium on VLSI Technology Digest of Technical Papers},
   Pages = {96--97},
   Year = {2005} }

@article{Diao07,
  author = {Z. Diao and Z. Li and S. Wang and Y. Ding and A. Panchula and E. Chen and L.-C. Wang and Y. Huai},
  title = "Spin-Transfer Torque Switching in Magnetic Tunnel Junctions and Spin-Transfer Torque
           Random Access Memory",
  journal = "Journal of Physics: Condensed matter",
  volume = {19},
  number = {16},
  pages = {165209},
  year = {2007}  }

@inproceedings{Xie:dac08,
   Author = {Xiangyu Dong and Xiaoxia Wu and Guangyu Sun and Yuan Xie and Hai Li and Yiran Chen},
   Title = {Circuit and microarchitecture evaluation of 3{D} stacking magnetic {RAM (MRAM)} as a universal memory replacement},
   BookTitle = {45th ACM/IEEE Design Automation Conference (DAC)},
   Pages = {554--559},
   Year = {2008} }

@article{Durlam03,
   Author = {M. Durlam and P. J. Naji and A. Omair and M. DeHerrera and J. Calder and J. M. Slaughter and B. N. Engel and
   N. D. Rizzo and G. Grynkewich and B. Butcher and C. Tracy and K. Smith and K. W. Kyler and J. J. Ren and J. A. Molla and
   W. A. Feil and R. G. Williams and S. Tehrani},
   Title = {{A 1-Mbit MRAM based on 1T1MTJ bit cell integrated with copper interconnects}},
   Journal = {IEEE Journal of Solid-State Circuits},
   Volume = {38},
   Number = {5},
   Pages = {769--773},
   Year = {2003} }

@inproceedings{Fantini08,
   Author = {P. Fantini and G. Betti Beneventi and A. Calderoni and L. Larcher and P. Pavan and F. Pellizzer},
   Title = {Characterization and modelling of low-frequency noise in {PCM} devices},
   BookTitle = {IEEE International Electron Devices Meeting (IEDM)},
   Pages = {1--4},
   Year = {2008} }

@article{Fujimoto06,
   Author = {M. Fujimoto and H. Koyama and M. Konagai and Y. Hosoi and K. Ishihara and S. Ohnishi and N. Awaya},
   Title = {{TiO$_2$} Anatase Nanolayer on {TiN} Thin Film Exhibiting High-speed Bipolar Resistive Switching},
   Journal = {Applied Physics Letter},
   Volume = {89},
   Number = {22},
   Pages = {223509},
   Year = {2006} }

@article{Gibbons64,
   Author = {J. F. Gibbons and W. E. Beadle},
   Title = {Switching properties of thin {NiO} Films},
   Journal = {Solid State Electronics},
   Volume = {7},
   Pages = {785--797},
   Year = {1964} }

@inproceedings{Ha04,
   Author = {Y.K. Ha and J.E. Lee and H.-J. Kim and J.S. Bae and S.C. Oh and K.T. Nam and S.O. Park and N.I. Lee
and H.K. Kang and U.-I. Chung and J.T. Moon},
   Title = {{MRAM} with novel shaped cell using synthetic anti-ferromagnetic free layer},
   BookTitle = {VLSI Symposium on Technology},
   Pages = {24--25},
   Year = {2004} }

@inproceedings{Hanzawa07,
   Author = {S. Hanzawa and N. Kitai and K. Osada and A. Kotabe and Y. Matsui and N. Matsuzaki and N. Takaura
and M. Moniwa and T. Kawahara},
   Title = {A 512{KB} Embedded {PRAM} with 416{KB\/s} Write Throughput at 100{$\mu$A} Cell Write Current},
   BookTitle = {IEEE International Solid-State Circuits Conference (ISSCC)},
   Pages = {26.2},
   Year = {2007} }

@misc{MRAM:NEC09,
   Author = {R. Hoding},
   Title = {{NEC develops 32 Megabit MRAM for embedded SoCs}},
   Year = {2009},
   note = "{EETimes, Feb. 12}"  }

@inproceedings{Ho09,
   Author = {Y. Ho and G. M. Huang and P. Li},
   Title = {Nonvolatile memristor memory: device characteristics and design implications},
   BookTitle = {IEEE/ACM 2009 International Conference on Computer-Aided Design (ICCAD)},
   Pages = {482--490},
   Year = {2009} }

@inproceedings{Hosomi05,
   Author = {M. Hosomi and H. Yamagishi and T. Yamamoto and K. Bessho and Y. Higo and K. Yamane
and H. Yamada and M. Shoji and H. Hachino and C. Fukumoto and H. Nagao and H. Kano},
   Title = {A novel nonvolatile memory with spin torque transfer magnetization switching: {S}pin-{RAM}},
   BookTitle = {Proceeding of IEEE International Electron Device Meeting (IEDM)},
   Pages = {459--462},
   Year = {2005} }

@article{Hsu07,
   Author = {S. T. Hsu and T. Li},
   Title = {Resistance Random Access Memory Switching Mechanism},
   Journal = {Journal of Applied Physics},
   Volume = {101},
   Number = {2},
   Pages = {024517},
   Year = {2007} }

@inproceedings{Ielmini07,
   Author = {D. Ielmini and S. Lavizzari and D. Sharma and A. L. Lacaita},
   Title = {Physical interpretation, modeling and impact on phase change memory {(PCM)}
reliability of resistance drift due to chalcogenide structural relaxation},
   BookTitle = {IEEE International Electron Devices Meeting (IEDM)},
   Pages = {939--942},
   Year = {2007} }

@inproceedings{Im08,
   Author = {D. H. Im and J. I. Lee and S. L. Cho and H. G. An and D. H. Kim and I. S. Kim
and H. Park and D. H. Ahn and H. Horii and S. O. Park and U. I. Chung and J. T. Moon},
   Title = {A unified 7.5nm dash-type confined cell for high performance {PRAM} device},
   BookTitle = {IEEE International Electron Devices Meeting (IEDM)},
   Pages = {1--4},
   Year = {2008} }

@article{Inoue,
   Author = {I. H. Inoue and S. Yasuda and H. Akinaga and H. Takagi},
   Title = {Nonpolar Resistance Switching of Metal/Binary-transition-metal Oxides/Metal Sandwiches: Homogeneous/Inhomogeneous Transition of Current Distribution},
   Journal = {Physical Review B},
   Volume = {77},
   Number = {3},
   Pages = {035105},
   Year = {2008} }

@misc{ITRS07,
   Author = {},
   Title = {{International Technology Roadmap for Semiconductor}},
   Year = {2007},
   note = "{http://www.itrs.net/}"  }

@misc{Johnson08,
   Author = {R. Colin Johnson},
   Title = {Memristors ready for prime time},
   Year = {2008},
   note = "{http://www.eetimes.com/showArticle.jhtml?articleID=208803176}"  }

@misc{Johnson10,
   Author = {R. C. Johnson},
   Title = {Superlattices enable small, fast, low-power RRAM}},
   Year = {2010},
   note = "{http://www.eetimes.com/showArticle.jhtml?articleID=222301490}"  }

@article{Janousch07,
   Author = {M. Janousch and G. I. Meijer and U. Staub and B. Delley and S. F. Karg and B. P. Andreasson},
   Title = {Role of Oxygen Vacancies in {C}r-Doped {SrTiO$_3$} for Resistance-Change Memory},
   Journal = {Adv. Mater.},
   Volume = {19},
   Number = {7},
   Pages = {2232--2235},
   Year = {2007} }

@article{Jeong03,
   Author = {Gitae Jeong and Wooyoung Cho and S. Ahn and Hongsik Jeong and Gwanhyeob Koh and Youngnam Hwang and K. Kim},
   Title = {A 0.24$\mu$m 2.0-{V} 1{T}1{MTJ} 16-kb Nonvolatile Magnetoresistance {RAM} With Self-Reference Sensing Scheme},
   Journal = {IEEE Jour. of Solid-State Circuits},
   Volume = {38},
   Number = {11},
   Pages = {1906-1910},
   Year = {2003} }

@article{Jung07,
   Author = {R. Jung and M.-J. Lee and S. Seo and D. C. Kim and G.-S. Park and K. Kim and S. Ahn and Y. Park and I.-K. Yoo and J.-S. Kim and B. H. Park},
   Title = {Decrease in Switching Voltage Fluctuation of {Pt/NiO$_x$/Pt} Structure by Process Control},
   Journal = {Applied Physics Letter},
   Volume = {91},
   Number = {2},
   Pages = {022112},
   Year = {2007} }

@inproceedings{Kawahara07,
   Author = {T. Kawahara et al.},
   Title = {2{M}b Spin-Transfer Torque RAM ({SPRAM}) with Bit-by-Bit Bidirectional Current Write and Parallelizing-Direction Current Read},
   BookTitle = {Proc. IEEE International Solid-State Circuits Conference, Tech. Dig},
   Pages = {480--617},
   Year = {2007} }

@article{Kawahara08,
  author = {T. Kawahara and R. Takemura and K. Miura and J. Hayakawa and S. Ikeda and Y. M. Lee
            and R. Sasaki and Y. Goto and K. Ito and T. Meguro and F. Matsukura and H. Takahashi
            and H. Matsuoka and H. Ohno},
  title = "2 {M}b {SPRAM} ({SP}in-Transfer Torque {RAM}) With Bit-by-Bit Bi-Directional
           Current Write and Parallelizing-Direction Current Read",
  journal = "IEEE Jour. of Solid-State Circuits",
  volume = 43,
  number = 1,
  year = 2008,
  pages = {109--120}  }

@inproceedings{Kim06,
   Author = {S. Kim and H.-S. P. Wong},
   Title = {Generalized Phase Change Memory Scaling Rule Analysis},
   BookTitle = {Non-Volatile Semiconductor Memory Workshop},
   Year = {2006} }

@inproceedings{Kinam07,
   Author = {K. Kinam and J. Gitae},
   Title = {Memory Technologies for sub-40nm Node},
   BookTitle = {IEEE International Electron Devices Meeting (IEDM)},
   Pages = {27--30},
   Year = {2007} }

@inproceedings{Kishi08,
   Author = {T. Kishi and H. Yoda and T. Kai and T. Nagase and E. Kitagawa and M. Yoshikawa and K. Nishiyama
and T. Daibou and M. Nagamine and M. Amano and S. Takahashi and M. Nakayama and N. Shimomura and H. Aikawa
and S. Ikegawa and S. Yuasa and K. Yakushiji and H. Kubota and A. Fukushima and M. Oogane and T. Miyazaki and K. Ando},
   Title = {Lower-current and fast switching of a perpendicular {TMR} for high speed and high density spin-transfer-torque {MRAM}},
   BookTitle = {IEEE International Electron Devices Meeting (IEDM)},
   Pages = {1--4},
   Year = {2008} }

@inproceedings{Kozicki05,
   Author = {M.N. Kozicki and M. Balakrishnan and C. Gopalan and C. Ratnakumar and Mitkova},
   Title = {Programmable metallization cell memory based on {Ag-Ge-S and Cu-Ge-S} solid electrolytes},
   BookTitle = {Non-Volatile Memory Technology Symposium},
   Pages = {83--89},
   Year = {2005} }

@misc{Kwak09,
   Author = {Jongtae Kwak},
   Title = {Delay line circuit},
   Year = {2009},
   note = "{US Patent US 2009/0243689 A1}"  }

@inproceedings{Lai01,
   Author = {S. Lai and T. Lowrey},
   Title = {{OUM -- A} 180nm Nonvolatile Memory Cell Element Technology for Standalone and Embedded Applications},
   BookTitle = {IEEE International Electron Devices Meeting (IEDM)},
   Pages = {36.5.1--36.5.4},
   Year = {2001} }

@inproceedings{Lai03,
   Author = {S. Lai},
   Title = {Current Status of the Phase Change Memory and its Future},
   BookTitle = {Proceedings of the IEEE International Electron Devices Meeting (IEDM)},
   Pages = {10.1.1--10.1.4},
   Year = {2003} }

@misc{LaPedus09,
   Author = {Mark LaPedus},
   Title = {Unity rolls `storageclass' memory technology},
   Year = {2009},
   note = "{http://www.eetimes.eu/217500737}"  }

@inproceedings{Lee07-isscc,
   Author = {K-J. Lee and B. Cho and W-Y. Cho and S. Kang and B-G. Choi and H-R. Oh
and C-S. Lee and H-J. Kim and J-M. Park and Q. Wang and M-H. Park and Y-H. Ro
and J-Y. Choi and K-S. Kim and Y-R. Kim and W-R. Chung and H-K. Cho
and K-W. Lim and C-H. Choi and I-C. Shin and D-E. Kim and K-S. Yu and C-K. Kwak and C-H. Kim},
   Title = {A 90nm 1.8{V} 512{M}b Diode-Switch {PRAM} with 266{MB}/s Read Throughput},
   BookTitle = {IEEE International Solid-State Circuits Conference (ISSCC)},
   Pages = {26.1},
   Year = {2007} }

@inproceedings{Lee09,
   Author = {Benjamin Lee and Engin Ipek and Onur Mutlu and Doug Burger},
   Title = {Architecting Phase Change Memory as a Scalable {DRAM} Alternative},
   BookTitle = {The 36th International Symposium on Computer Architecture (ISCA)},
   Page = {2-13},
   Year = {2009} }

@inproceedings{Li09,
   Author = {H. Li and Y. Chen},
   Title = {An Overview of Nonvolatile Memory Technology and The Implication for Tools and Architectures},
   BookTitle = {Design, Automation and Test in Europe Conference and Exhibition},
   Pages = {731--736},
   Year = {2009} }

@MISC{Li:147723,
  title = {Spin-Transfer Torque Memory Self-Reference Read Scheme},
  owner = {H. Li and Y. Chen and H. Liu and K. Kim and H. Huang},
  publisher = {US Patent Pending},
  number = {12/147,723}}

@article{Liu00,
  author = {S. Q. Liu and N. J. Wu and A. Ignatiev},
  title = {Electric-pulse-induced Reversible Resistance Change Effect in Magnetoresistive Films},
  journal = {Applied Physics Letter},
  volume = {76},
  number = {19},
  pages = {2749},
  year = {2000}  }

@article{Lou08,
  author = {X. Lou and Z. Gao and D. V. Dimitrov and M. X. Tang},
  title = {Demonstration of multilevel cell spin transfer switching in {MgO} magnetic tunnel junctions},
  journal = {Applied Physics Letter},
  volume = {93},
  pages = {242502},
  year = {2008}  }

@inproceedings{Mantegazza07,
   Author = {D. Mantegazza and D. Ielmini and E. Varesi and A. Pirovano and A. L. Lacaita},
   Title = {Statistical analysis and modeling of programming and retention in {PCM} arrays},
   BookTitle = {IEEE International Electron Devices Meeting (IEDM)},
   Pages = {311--314},
   Year = {2007} }

@article{mram:ibm:maffitt,
   Author = {T. M. Maffitt and J. K. DeBrosse and J. A. Gabric and E. T. Gow and M. C. Lamorey
and J. S. Parenteau and D. R. Willmott and M. A. Wood and W. J. Gallagher},
   Title = {Design Considerations for {MRAM}},
   Journal = {IBM Journal of Research and Development},
      Year = {2006} }

@inproceedings{Miura07,
   Author = {K. Miura and T. Kawahara and R. Takemura and J. Hayakawa and S. Ikeda and R. Sasaki and H. Takahashi and H. Matsuoka and H. Ohno},
   Title = {A novel {SPRAM} ({SP}in-transfer torque {RAM}) with a synthetic ferrimagnetic free layer for higher immunity to read disturbance and reducing write-current dispersion},
   BookTitle = {IEEE VLSI Symposium on Technology},
   Pages = {234--235},
   Year = {2007} }

@inproceedings{Motoyoshi04,
   Author = {M. Motoyoshi and I. Yamamura and W. Ohtsuka and M. Shouji and H. Yamagishi
and M. Nakamura and H. Yamada and K. Tai and T. Kikutani and T. Sagara and K. Moriyama
and H. Mori and C. Fukamoto and M. Watanabe and R. Hachino and H. Kano and K. Bessho
and H. Narisawa and M. Hosomi and N. Okazaki},
   Title = {A study for 0.18{$\mu$}m high-density {MRAM}},
   BookTitle = {IEEE VLSI Symposium on Technology},
   Pages = {22--23},
   Year = {2004} }

@inproceedings{Nebashi09,
   Author = {R. Nebashi and N. Sakimura and H. Honjo and S. Saito and Y. Ito and S. Miura
and Y. Kato and K. Mori and Y. Ozaki and Y. Kobayashi and N. Ohshima and K. Kinoshita
and T. Suzuki and K. Nagahara and N. Ishiwata and K. Suemitsu and S. Fukami and H. Hada
and T. Sugibayashi and N. Kasai},
   Title = {A 90nm 12ns 32{M}b {2T1MTJ MRAM}},
   BookTitle = {IEEE International Solid-State Circuits Conference (ISSCC)},
   Pages = {462--463},
   Year = {2009} }

@inproceedings{Nirschl07,
   Author = {T. Nirschl andJ. B. Philipp and T D. Happ and G. W Burrt and B. Rajendrant and M.-H. Lee and A. Schrottt and M. YangT
and M. Breitwischt and C.-F. Chen and E. JosephT M Lamorey and R. Chee and S.-H. Chen and S. Zaidi and  S. Raoux
and Y.C. Chen and Y. Zhu and R.Bergmann and H.-L. Lunge and C. Lamf},
   Title = {Write Strategies for 2 and 4-bit Multi-Level Phase-Change Memory},
   BookTitle = {Proceedings of the IEEE International Electron Device Meeting Technology (IEDM)},
   Pages = {461--464},
   Year = {2007} }

@inproceedings{Oh06,
   Author = {J. H. Oh and J. H. Park and Y. S. Lim and H. S. Lim and Y. T. Oh and J. S. Kim and J. M. Shin and et al.},
   Title = {Full Integration of Highly Manufacturable 512{M}b {PRAM} Based on 90nm Technology},
   BookTitle = {Proceedings of the IEEE International Electron Devices Meeting},
   Pages = {2.6.1--2.6.4},
   Year = {2006} }

@inproceedings{Park04,
   Author = {Jong-Ho Park and Sung-Hoi Hur and Joon-Hee Leex and Jin-Taek Park and
Jong-Sun Sel and Jong-Won Kim and Sang-Bin Song and Jung-Young Lee and Ji-Hwon Lee and
Suk-Joon Son and Yong-Seok Kim and Min-Cheol Park and Soo-Jin Chai and
Jung-Dal Choi and U. In Chung and Joo-Tae Moon and Kyeong-Tae Kim and
Kinam Kim and Byung-Il Ryu},
   Title = {8{G}b {MLC} (multi-level cell) {NAND} flash memory using 63nm process technology},
   BookTitle = {IEEE International Electron Devices Meeting (IEDM)},
   Pages = {876--876},
   Year = {2004} }

@inproceedings{PRAM:ST2004,
   Author = {F. Pellizzer and A. Pirovano and F. Ottogalli and M. Magistretti and M. Scaravaggi and et al},
   Title = {{Novel }$\mu${Trench Phase-Change Memory Cell for Embedded and Stand-Alone Non-Volatile Memory Applications}},
   BookTitle = {IEEE Symposium on VLSI Technology 2004},
   Pages = {18--19},
   Year = {2004} }

@article{Pershin08,
   Author = {Yu. V. Pershin and M. Di Ventra},
   Title = {Spin Memristive Systems: Spin Memory Effects in Semiconductor Spintronics},
   Journal = {Phys. Rev. B, Condens. Matter},
   Volume = {78},
   Number = {11},
   Pages = {113309},
   Year = {2008} }

@inproceedings{Pirovano03,
   Author = {A. Pirovano and A. L. Lacaita and A. Benvenuti and F. Pellizzer and S. Hudgens and and R. Bez},
   Title = {Scaling Analysis of Phase-Change Memory Technology},
   BookTitle = {Proceedings of the IEEE International Electron Devices Meeting (IEDM)},
   Pages = {29.6.1--29.6.4},
   Year = {2003} }

@article{Pirovano04,
   Author = {A. Pirovano and A. L. Lacaita and S. A. Kostylev and A. Benvenuti and R. Bez},
   Title = {Low-field amorphous state resistance and threshold voltage drift in chalcogenide materials},
   Journal = {IEEE Transactions on Electron Devices},
   Volume = {51},
   Pages = {714--719},
   Year = {2004} }

@article{Raoux08,
   Author = {S. Raoux and G. W. Burr and M. J. Breitwisch and C. T. Rettner and Y.-C.Chen and R. M. Shelby and M. Salinga and et al.},
   Title = {Phase-Change Random Access Memory: A Scalable Technology},
   Journal = {IBM Journal Research and Device},
   Volume = {52},
   Number = {4/5},
   Page = {465--479},
   Year = {2008} }

@inproceedings{Salahuddin07,
   Author = {S. Salahuddin and D. Datta and P. Srivastava and S. Datta},
   Title = {Quantum Transport Simulation of Tunneling Based Spin Torque Transfer ({STT}) Devices: Design Trade offs and Torque Efficiency},
   BookTitle = {IEEE International Electron Devices Meeting (IEDM)},
   Pages = {121--124},
   Year = {2007} }

@inproceedings{Sandre10,
   Author = {G. De Sandre and L. Bettini and A. Pirola and L. Marmonier and M. Pasotti and M. Borghi and P. Mattavelli
and P. Zuliani and L. Scotti and G. Mastracchio and F. Bedeschi and R. Gastaldi and R. Bez},
   Title = {A 90nm 4{M}b Embedded Phase-Change Memory with 1.2{V} 12ns Read Access Time and 1{MB/s} Write Throughput},
   BookTitle = {IEEE International Solid-State Circuits Conference (ISSCC)},
   Pages = {14.7},
   Year = {2010} }

@article{Strukov08,
   Author = {Dmitri B. Strukov and Gregory S. Snider and Duncan R. Stewart and R. StanleyWilliams},
   Title = {The missing memristor found},
   Journal = {Nature},
   Volume = {453},
   Pages = {80--83},
   Year = {2008} }

@inproceedings{MRAM:TTO+06,
   Author = {Hiroaki Tanizaki and Takaharu Tsuji and Jun Otani and et al.},
   Title = {{A high-density and high-speed {1T-4MTJ MRAM} with Voltage Offset Self-Reference Sensing Scheme}},
   BookTitle = {IEEE Asian Solid-State Circuits Conference },
   Pages = {303--306},
      Year = {2006} }

@inproceedings{Tehrani00,
   Author = {S. Tehrani et al},
   Title = {Recent developments in magnetic tunnel junction {MRAM}},
   BookTitle = {IEEE Trans. Magn.},
   Volume = {36},
   Pages = {2752--2757},
   Year = {2000} }

@article{Tour08,
   Author = {J. M. Tour and T. He},
   Title = {The Fourth Element},
   Journal = {Nature},
   Volume = {453},
   Number = {7191},
   Pages = {42--43},
   Year = {2008} }

@inproceedings{Villa10,
   Author = {C. Villa and D. Mills and G. Barkley and H. Giduturi and S. Schippers and D. Vimercati},
   Title = {A 45nm 1{G}b 1.8{V} Phase-Change Memory},
   BookTitle = {IEEE International Solid-State Circuits Conference (ISSCC)},
   Pages = {14.8},
   Year = {2010} }

@article{Wang09,
   Author = {X. Wang et al},
   Title = {Spin Memristor through Spin-Torque-Induced Magnetization Motion},
   Journal = {IEEE Electron Device Lett.},
   Volume = {30},
   Number = {3},
   Pages = {294--297},
   Year = {2009} }


@article{xie:jetcs06,
   Author = {Y. Xie and G. Loh and B. Black and K. Bernstein},
   Title = {Design Space Exploration for 3{D} Architectures},
   Journal = {ACM Journal of Emerging Technologies in Compuing Systems},
   Volume = {2},
   Number = {2},
   Pages = {65--103},
   Year = {2006} }

@inproceedings{Xu10,
   Author = {W. Xu and T. Zhang},
   Title = {Using Time-Aware Memory Sensing to Address Resistance Drift Issue in Multi-Level Phase Change Memory},
   BookTitle = {IEEE International Symposium on Quality Electronic Design (ISQED)},
   Page = {--},
   Year = {2010} }

@inproceedings{Zhang07,
   Author = {Y. Zhang et al.},
   Title = {An intergrated phase change memory cell with {G}e nanowire diode for cross-point memory},
   BookTitle = {Proc. of Symposium on VLSI Technology Digest of Technical Papers},
   Page = {98--99},
   Year = {2007} }

@inproceedings{MRAM:ZBM+06,
   Author = {W. Zhao and E. Belhaire and Q. Mistral and C. Chappert and V. Javerliac and B. Dieny and E. Nicolle},
   Title = {Macro-model of Spin-Transfer Torque based Magnetic Tunnel Junction device for hybrid Magnetic-{CMOS} design},
   BookTitle = {IEEE International Behavioral Modeling and Simulation Workshop},
   Pages = {40--43},
   Year = {2006} }
